@article{kn:Albrecht81,
   author = "B. A. Albrecht",
   title = "Parameterization of trade-cumulus cloud amounts",
   journal = "J. Atmos. Sci.",
   year = 1981,
   volume =  38,
   pages = "97--105"}

@article{kn:Andre90,
   author = "J.-C. Andr{\'e} and P. Bougeault and J.-P. Goutorbe",
   title = "Regional estimates of heat and evaporation fluxes
            over non-homogeneous terrain, examples from the {HAPEX-MOBILHY}
            Programme",
   journal = "Boundary-Layer Meteorol.",
   year = 1990,
   volume =  50,
   pages = "77--108"}

@article{kn:Andren90,
   author = "A. Andr{\'e}n",
   title = "Evaluation of a turbulence closure scheme suitable for 
	air-pollution applications",
   journal = "J. Appl. Meteorol.",
   year = 1990,
   volume =  29,
   pages = "224-239"}

@book{kn:Atkinson81,
   author = "B. W. Atkinson",
   title = "Meso-scale Atmospheric Circulations",
   publisher = "Academic Press",
   pages = 495,
   year = 1981}

@article{kn:Avi92,
   author = "R. Avissar",
   title = "Conceptual aspects of a statistical-dynamical approach to
         represent landscape-scale heterogeneities in atmospheric models",
   journal = "J. Geophys. Res.",
   year = 1992,
   volume =  97,
   pages = "2729-2742"}

@article{kn:AviP89,
   author = "R. Avissar and R. A. Pielke",
   title = "A parameterization of heterogeneous land surfaces for atmospheric
            numerical models and its impact on regional meteorology.",
   journal = "Mon. Wea. Rev.",
   year = 1989,
   volume =  117,
   pages = "2113-2136"}

@article{kn:AviM90,
   author = "R. Avissar and M.D. Moran and G. Wu, R.N. Meroney and R. A. Pielke",
   title = "Operating ranges of mesoscale numerical models and meteorological
wind tunnels for the simulation of sea and land breezes",
   journal = "Boundary-Layer Meteorol.",
   year = 1990,
   volume =  50,
   pages = "227-275"}

@article{kn:Avi93,
   author = "R. Avissar",
   title = "{Observations of leaf stomatal conductance at the canopy scale:
            an atmospheric modelling perspective}",
   journal = "Boundary-Layer Meteorol.",
   year = 1993,
   volume =  64,
   pages = "127-148"}

@article{kn:AviCh93,
   author = "Roni Avissar and Fei Chen",
   title = "Development and Analysis of prognostic equations  for
    mesoscale (subgrid scale) fluxes for large-scale atmospheric models",
   journal = "J. Atmos. Sci.",
   year = 1993,
   volume =  50,
   pages = "3751-3773"}

@article{kn:Avissar98,
   author = "Roni Avissar and Tatyana Schmidt",
   title = "An evaluation of the scale at which ground-surface heat flux
	patchiness affects the convective boundary layer using large-eddy
	simulations",
   journal = "J. Atmos. Sci.",
   year = 1998,
   volume =  55,
   pages = "2666--2689"}

@article{kn:AryW75,
   author = "S. P. S. Arya and J. C. Wyngaard",
   title = "Effect of baroclinicity on wind profiles and the geostrophic
           drag law for the convective planetary boundary layer",
   journal = "J. Atmos. Sci.",
   year = 1975,
   volume =  32,
   pages = "767-778"}

@article{kn:Bergstrom98,
   author = " S. Bergstr{\"o}m and L. P. Graham",
   title = "On the scale problem in hydrological modelling",
   journal = "J. Hydrology",
   year = 1998,
   volume =  211,
   pages = "253--265"}

@article{kn:Bergst89,
   author = " H. Bergstr{\"{o}}m and U. H{\"{o}}gstr{\"{o}}m",
   title = "{Turbulent exchange above a pine forest II: Organized structures}",
   journal = "Boundary-Layer Meteorol.",
   year = 1989,
   volume =  49,
   pages = "231-263"}
   
@article{kn:BergstromCD,
   author = "Hans Bergstr{\"o}m",
   title = "Radiosonde measurements at Marsta during CFE1",
   journal = "Agric. Forest Meteorol.",
   year = 1999,
   pages = "documented dataset on appended CD",
   note = "in press"}

@article{kn:Bechtold01,
   author = " P. Bechthold and E. Bazile and F. Guichard and P. Mascart and E. Richard",
   title = "A mass-flux convection scheme for regional and global models",
   journal = "Q. R. J. Meteorol. Soc.",
   year = 2001,
   volume =  127,
   pages = "869--886"}

@article{kn:Becht91,
   author = " P. Bechthold and J. P. Pinty and P. Mascart",
   title = "{A numerical investigation of the influence of large-scale winds
            on sea-breeze and inland-breeze type circulation}",
   journal = "J. Appl. Meteorol.",
   year = 1991,
   volume =  30,
   pages = "1268-1279"}

@article{kn:BeljHol91,
   author = "A. C. M. Beljaars and A. A. M. Holtslag",
   title = "Flux Parameterization over Land Surfaces for Atmospheric Models",
   journal = "J. Appl. Meteorol.",
   year = 1991,
   volume =  30,
   pages = "327-341"}

@article{kn:Beljaars94,
   author = "Anton C. M. Beljaars and Pedro Viterbo",
   title = "The sensitivity of winter evaporation to the formulation of
   aerodynamic resistance in the {ECMWF} model",
   journal = "Boundary-Layer Meteorol.",
   year = 1994,
   volume =  71,
   pages = "135--149"}

@article{kn:Betts90,
   author = "A. K. Betts and R. L. Desjardins and J. I. MacPherson and R. D.
             Kelly",
   title = "{Boundary-layer heat and moisture budgets from FIFE}",
   journal = "Boundary-Layer Meteorol.",
   year = 1990,
   volume =  50,
   pages = "109--137"}

@article{kn:Bet92a,
   author = "A. K. Betts",
   title = "{FIFE atmospheric boundary layer budget methods}",
   journal = "J. Geophys. Res.",
   year = 1992,
   volume =  97,
   pages = "{18,523-18,531}"}

@article{kn:Bet92b,
   author = "A. K. Betts and R. L. Desjardins and J. I. MacPherson",
   title = "{Budget analysis of the boundary layer grid flights
           during FIFE 1987}",
   journal = "J. Geophys. Res.",
   year = 1992,
   volume =  97,
   pages = "{18,533-18,546}"}

@article{kn:BetB93,
   author = "A. K. Betts and J. H. Ball and A. C. M. Beljaars",
   title = "{Comparison between the land surface response of the {ECMWF} model
            and the {FIFE}-1987 data}",
   journal = "Quart. J. Roy. Meteorol. Soc.",
   year = 1993,
   volume =  119,
   pages = "975-1001"}

@article{kn:Betts96,
   author = "A. K. Betts and J. H. Ball and P. A. Viterbo",
   title = "The land surface-atmosphere interaction: {A} review based on
            observational and global modeling perspectives",
   journal = "J. Geophys. Res.",
   year = 1996,
   volume = 101,
   pages = "7209--"}

@article{kn:Betts98,
   author = "A. K. Betts and P. Viterbo and A. C. M. Beljaars",
   title = "{Comparison of the Land-Surface Interaction in the {ECMWF}
             Reanalysis Model with the 1987 {FIFE} Data}",
   journal = "Mon. Wea. Rev.",
   year = 1998,
   volume =  126,
   pages = "186--"}

@article{kn:Betts982,
   author = "A. K. Betts and P. Viterbo and S. Wofsy",
   title = "{Evaluation of land-surface interaction in {ECMWF} and {NCEP}/{NCAR}
             reanalysis models over grassland ({FIFE}) and boreal forest ({BOREAS})}",
   journal = "J. Geophys. Res.",
   year = 1998,
   volume =  103,
   pages = "23079--"}

@conference{kn:Belj91,
   author = "A. C. M. Beljaars",
   title = "{Numerical schemes for paramterizations}",
   booktitle = "{Numerical methods in atmospheric models, Volume II}",
   year = 1991,
   organization ="{European Centre for Medium-Range Weather Forecasts}",
   month = "9 -- 13 September",
   address = "{Reading, U.K.}"}

@article{kn:Bignami95,
   author = "F. Bignami and S. Marullo and M. E. Schiano",
   title = "Longwave radiation budget in the {M}editerranean Sea",
   journal = "J. Geophys. Res.",
   year = 1995,
   volume =  100,
   pages = "2501--2514"}

@conference{kn:B78,
   author = "A. K. Blackadar",
   title = "{Modeling pollutant transfer during daytime convection}",
   booktitle = "{Fourth Symp. on Atmospheric Turbulence, Diffusion and Air
                Quality}",
   year = 1978,
   organization ="{Amer. Meteorol. Soc. }",
   address = "{Reno, NV}"}

@article{kn:Bolle93,
   author = "H. J. Bolle and J. C. Andr{\'e} and J. L. Arrue and H. K. Barth and P. Bessemoulin and
             A. Brasa and H. A. R. {de Bruin} and J. Cruces and G. Dugdale and E. T. Engman and
             D. L. Evans and R. Fantechi and F. Fiedler and A. {van de Griend} and A. C. Imeson and
             A. Jochum and P. Kabat and T. Kratzsch and J.-P. Lagouarde and I. Langer and  R. Llamas and
             E. Lopez-Baeza and J. Melia Miralles and L. S. Muniosguren and F. Nerry and J. Noilhan
             and H. R. Oliver and R. Roth and S. S. Saatchi and J. Sanchez Diaz and M. {de Santa Olalla}
             and W. J. Shuttleworth and H. S{\o}gaard and H. Stricker and J. Thornes and
             M. Vauclin and D. Wickland",
   title = "{{EFEDA}: {E}uropean field experiment in a desertification threatened area}",
   journal = "Ann. Geophys.",
   year = 1993,
   volume =  11,
   pages = "173--189"}

@article{kn:Bowling01,
   author = "L. C. Bowling and D. P. Lettenmaier and B. Nijssen and L. P. Graham and
             D. Clark and M. {El Maayar} and R. Essery and S. Goers and F. Habets and
             B. {van den Hurk} and J. Jing and D. Kahan and D. Lohmann and S. Mahanama and
             D. Mocko and O. Nasonova and P. Samuelsson and A. B. Shmakin and K. Takata and
             D. Verseghy and P. Viterbo and M. Xieyao and Y. K. Xue and Z-L Yang",
   title = "{Simulation of high latitude hydrological processes in the Torne-Kalix basin:
             {PILPS} {P}hase 2e. 1: {E}xperiment description and summary intercomparison}",
   journal = "Global Planetary Change",
   year = 2002,
   volume =  "",
   pages = "",
   note = "this issue"}

@article{kn:Brasseur01,
   author = "Olivier Brasseur",
   title = "Development and application of a physical approach to estimating wind gusts",
   journal = "Mon. Wea. Rev.",
   year = 2001,
   volume =  129,
   pages = "5--25"}

@article{kn:Brasseur02,
   author = "O. Brasseur and H. Gall{\'e}e and H. Boyen and C. Tricot",
   title = "Reply to {C}omments on ''{D}evelopment and application of a physical approach to estimating wind gusts''",
   journal = "Mon. Wea. Rev.",
   year = 2002,
   volume =  130,
   pages = "1936--1942"}

@article{kn:Bringfelt99,
   author = "B. Bringfelt and S. Gollvik and N. Gustafsson and V. Perov",
   title = "{A new land surface treatment for {HIRLAM}. Comparisons with {NOPEX} measurements}",
   journal = "Agric. Forest Meteorol.",
   year = 1999,
   volume =  "",
   pages = "",
   note = "submitted"}

@techreport{kn:Bringfelt01,
   author = "B. Bringfelt and J. R{\"a}is{\"a}nen and S. Gollvik and G. Lindstr{\"o}m and
             L. P. Graham and A. Ullerstig",
   title = "The land surface treatment for the {R}ossby {C}entre Regional Atmosphere
            Climate Model - version 2",
   year = 2001,
   number = 98,
   type = "Reports of Meteorology and Climatology",
   institution = "SMHI",
   address = "SE-601 76 Norrk{\"o}ping, Sweden"}

@article{kn:Brown82,
   author = "R. A. Brown",
   title = "{On two-layer models and the similarity functions for the PBL}",
   journal = "Boundary-Layer Meteorol.",
   year = 1982,
   volume =  24,
   pages = "451--463"}

@article{kn:BroFo94,
   author = "R. A. Brown and Ralph Foster",
   title = "{On Large-Scale PBL Modelling: Part III, the PBL Models}",
   journal = "Atmosphere-Ocean System.",
   year = 1994,
   volume =  {to appear},
   pages = "{}"}

@article{kn:Brown83,
   author = "E. N. Brown and C. A. Friehe and D. H. Lenschow",
   title = "The use of pressure fluctuations on the nose of an aircraft for
            measuring air motion",
   journal = "J. Clim. Appl. Meteorol.",
   year = 1983,
   volume =  22,
   pages = "171--180"}

@article{kn:BroW78,
   author = "R. A. Brost  and J. C. Wyngaard",
   title = "A model study of the stably stratified planetary boundary layer",
   journal = "J. Atmos. Sci.",
   year = 1978,
   volume =  35,
   pages = "1427-1440"}

@article{kn:BroLen82,
   author = "R. A. Brost and  D. H. Lenschow and J. C. Wyngaard",
   title = "{Marine stratocumulus layers. Part I: Mean conditions}",
   journal = "J. Atmos. Sci.",
   year = 1982,
   volume =  39,
   pages = "800-817"}

@article{kn:Bunzli98,
   author = "D. B{\"u}nzli and H. P. Schmid",
   title = "{The influence of surface texture on regionally aggregated
	evaporation and energy partitioning}",
   journal = "J. Atmos. Sci.",
   year = 1998,
   volume =  55,
   pages = "961--972"}

@article{kn:Burk02,
   author = "S. D. Burk and W. T. Thompson",
   title = "{C}omments on ''{D}evelopment and application of a physical approach to estimating wind gusts''",
   journal = "Mon. Wea. Rev.",
   year = 2002,
   volume =  130,
   pages = "1933--1935"}

@article{kn:Campbell97,
   author = "D. I. Campbell and J. L. Williamson",
   title = "Evaporation from a raised peat bog",
   journal = "J. Hydrol.",
   year = 1997,
   volume =  193,
   pages = "142--160"}

@article{kn:Cam94,
   author = "P. Caramori and  P. Schuepp and R. Desjardin and I. MacPherson",
   title = "Structural analysis of airborne flux estimates over a region",
   journal = "J. Clim.",
   year = 1994,
   volume =  7,
   pages = "627-640"}

@article{kn:Canadell96,
   author = "J. Canadell and R. B. Jackson and J. B. Ehleringer and H. A. Mooney and O. E. Sala and E.-D. Schulze",
   title = "Maximum rooting depth of vegetation types at the global scale",
   journal = "Oecologia",
   year = 1996,
   volume =  108,
   pages = "583--595",
   note = "doi: 10.1007/BF00329030"}

@incollection{kn:Caugehy82,
   author = "S. J. Caughey",
   title = "Observed characteristics of the atmospheric boundary layer",
   booktitle = "Atmospheric Turbulence and Air Pollution Modelling",
   publisher = "D. Reidel Publishing Company",
   address = "Dordrecht, Holland",
   year = 1982,
   editor = "F. T. M. Nieuwstadt and H. {van Dop}",
   pages = "107--158"}

@article{kn:Chen97,
   author = "F. Chen and Z. Janji{\'c} and K. Mitchell",
   title = "Impact of atmospheric surface-layer parameterizations in the
            new land-surface scheme of the {NCEP} {E}ta model",
   journal = "Boundary-Layer Meteorol.",
   year = 1997,
   volume = 85,
   pages = "391--421"}

@article{kn:Choudhury88,
   author = "B. J. Choudhury and J. L. Monteith",
   title = "A four-layer model for the heat budget of homogeneous
   	    land surfaces",
   journal = "Q. J. R. Meteorol. Soc.",
   year = 1988,
   volume =  114,
   pages = "373--398"}

@article{kn:Christensen97,
   author = "J. H. Christensen and B. Machenhauer and R. G. Jones and C. Sch{\"a}r and P. M. Ruti and M. Castro and G. Visconti",
   title = "Validation of present-day regional climate simulations over {E}urope: {LAM} simulations with observed boundary conditions",
   journal = "Clim. Dyn.",
   year = 1997,
   volume =  13,
   pages = "489--506"}

@article{kn:Clapp78,
   author = "Roger B. Clapp and George M. Hornberger",
   title = "Empirical equations for some soil hydraulic properties",
   journal = "Water Resources Res.",
   year = 1978,
   volume =  14,
   pages = "601--604"}

@article{kn:Clau90,
   author = "M. Claussen",
   title = "Area-averaging of surface fluxes in a neutrally stratified,
            horizontally inhomogeneous atmospheric boundary layer",
   journal = "Atmos. Envir.",
   year = 1990,
   volume =  {24A},
   pages = "1349--1360"}

@article{kn:Clau91,
   author = "M. Claussen",
   title = "Estimation of areally-averaged surface fluxes",
   journal = "Boundary-Layer Meteorol.",
   year = 1991,
   volume =  54,
   pages = "387-410"}

@techreport{kn:Claussen94,
   author = "M. Claussen and U. Lohmann and E. Roeckner and U. Schulzweida",
   title = "A global dataset of land surface parameters",
   institution = "Max-Planck-Institute for Meteorology",
   number = 135,
   address = "Hamburg, Germany",
   year = 1994}
   
@article{kn:Clau95,
   author = "M. Claussen",
   title = "Flux aggregation at large scales: on the limits of validity of the
             concept of blending height",
   journal = "J. Hydrol.",
   year = 1995,
   volume =  166,
   pages = "371-382"}

@article{kn:Cui98,
   author = "Z. Cui and M. Tjernstr{\"o}m and B. Grisogono",
   title = "Idealized simulations of 
	atmospheric coastal flow along the central coast of California",
   journal = "J. Appl. Meteorol.",
   year = 1998,
   volume =  37,
   pages = "1332--1363"}

@article{kn:Cuxart00,
   author = "J. Cuxart and P. Bougeault and J.-L. Redelsperger",
   title = "A turbulence scheme allowing for mesoscale and large-eddy simulations",
   journal = "Quart. J. Roy. Meteorol. Soc.",
   year = 2000,
   volume =  126,
   pages = "1--30"}

@article{kn:Dalu93,
   author = "G. A. Dalu and R. A. Pielke",
   title = "Vertical heat fluxes generated by mesoscale atmospheric
           flow induced by thermal inhomogeneities in the {PBL}",
   journal = "J. Atmos. Sci.",
   year = 1993,
   volume =  50,
   pages = "919--926"}

@article{kn:Dalu96,
   author = "G. A. Dalu and R. A. Pielke and M. Baldi and X. Zeng",
   title = "Heat and momentum fluxes induced by thermal inhomogeneities
	with and without large-sacle flow",
   journal = "J. Atmos. Sci.",
   year = 1993,
   volume =  53,
   pages = "3286--3302"}

@article{kn:Dear66,
   author = "J. W. Deardorff",
   title = "The countergradient heat flux in the lower atmosphere and in the
             laboratory",
   journal = "J. Atmos. Sci.",
   year = 1966,
   volume =  23,
   pages = "503-506"}

@article{kn:Deardorff72a,
   author = " J. W. Deardorff",
   title = "A numerical investigation of neutral and unstable planetary
	boundary layers",
   journal = "J. Atmos. Sci.",
   year = 1972,
   volume =  29,
   pages = "91--115"}

@article{kn:Deardorff72b,
   author = " J. W. Deardorff",
   title = "Theoretical expression for the countergradient vertical heat flux",
   journal = "J. Geophys. Res.",
   year = 1972,
   volume =  77,
   pages = "5900-5904"}

@article{kn:Deardorff78,
   author = " J. W. Deardorff",
   title = "Efficient prediction of ground surface temperature and moisture,
            with inclusion of a layer of vegetation",
   journal = "J. Geophys. Res.",
   year = 1978,
   volume =  83,
   pages = "1889--1903"}

@article{kn:DeCosmo96,
   author = "J. DeCosmo and K. B. Katsaros and S. D. Smith and R. J. Anderson and
             W. A. Oost and K. Bumke and H. Chadwick",
   title = "Air-sea exchange of water vapor and sensible heat: {T}he {HEXOS} results",
   journal = "J. Geophys. Res.",
   year = 1996,
   volume =  101,
   pages = "12001--12016"}

@article{kn:vDel92,
   author = "Arnout van Delden",
   title = "The dynamics of meso-scale atmosphere circulations",
   journal = "Physics Reports",
   year = 1992,
   volume =  211,
   pages = "251-374"}

@article{kn:Des94,
   author = "R. L. Desjardins and J. I. MacPherson and P. H. Schuepp and H. N. Hayhoe",
   title = "{Airborne flux measurements of CO$_2$, sensible, and latent heat
            over the Hudson Bay lowland}",
   journal = "J. Geophys. Res.",
   year = 1994,
   volume =  99,
   pages = "1551-1561"}

@article{kn:DesM89,
   author = "R. L. Desjardins and J.I. MacPherson and P.H. Schuepp and F. Karanji",
   title = "An evolution of aircraft measurements of {CO$_2$}, water vapour and 
            sensible heat",
   journal = "Boundary-Layer Meteorol.",
   year = 1989,
   volume =  47,
   pages = "55-69"}

@article{kn:Dickinson84,
   author = "R. E. Dickinson",
   title = "Modeling evapotranspiration for three dimensional global climate models",
   journal = "Climate Processes and Climate Sensitivity. Geophys. Monogr.",
   year = 1984,
   volume =  29,
   pages = "58--72"}

@article{kn:Doran95,
   author = "W. J. Doran and  W. J. Shaw  and J. M. Hubbe",
   title = "Boundary layer characteristics over areas of inhomogeneous
           surface fluxes",
   journal = "J. Appl. Meteorol.",
   year = 1995,
   volume = 34,
   pages = "559--571"}

@article{kn:Douville95,
   author = "H. Douville and J. F. Royer and J. F. Mahfouf",
   title = "A new snow parameterization for the Meteo-France climate model.
            {P}art {I}: validation in stand-alone experiments",
   journal = "Climate Dyn.",
   year = 1995,
   volume = 12,
   pages = "21--35"}

@article{kn:Douville95b,
   author = "H. Douville and J. F. Royer and J. F. Mahfouf",
   title = "A new snow parameterization for the Meteo-France climate model.
            {P}art {II}: validation in a 3-{D} {GCM} experiment",
   journal = "Climate Dyn.",
   year = 1995,
   volume = 12,
   pages = "37--"}

@article{kn:Driedonks82,
   author = "A. G. M. Driedonks",
   title = "Models and observations of the growth of the atmospheric
	boundary layer",
   journal = "Boundary-Layer Meteorol.",
   year = 1982,
   volume = 23,
   pages = "283--306"}

@article{kn:Driedonks84,
   author = "A. G. M. Driedonks and H. Tennekes",
   title = "Entrainment effects in the well-mixed atmospheric boundary layer",
   journal = "Boundary-Layer Meteorol.",
   year = 1984,
   volume = 30,
   pages = "75--105"}

@article{kn:EloFor92,
   author = "E. W. Eloranta and D. K. Forrest",
   title = "Volume-Imaging Lidar Observations of the Convective Structure
            Surrounding the Flight Path of a Flux-Measuring Aircraft",
   journal = "J. Geophys. Res.",
   year = 1992,
   volume = 97,
   pages = "{18,383-18,393}"}

@article{kn:Desj92,
   author = "R. L. Desjardins and  R. L. Hart  and J. I. MacPherson and P. H. Schuepp and S. B. Verma",
   title = "Aircraft- and tower-based fluxes of carbon dioxide, latent, and
            sensible heat",
   journal = "J. Geophys. Res.",
   year = 1992,
   volume = 97,
   pages = "{18,477-18,485}"}

@article{kn:Desj95,
   author = "R. L. Desjardins and J. I. MacPherson and H. Neumann and G. {den Hartog} and P. H. Schuepp",
   title = "Flux estimates of latent and sensible heat, carbon dioxide, and ozone using
            an aircraft-tower combination",
   journal = "Atmos. Envir.",
   year = 1995,
   volume = 29,
   pages = "3147--3158"}

@article{kn:Desjardins97,
   author = "R. L. Desjardins and J. I. MacPherson and L. Mahrt and P. Schuepp and E. Pattey and
		H. Neumann and D. Baldocchi and S. Wofsy and D. Fitzjarrald and
		H. {McCaughey} and D.W. Joiner",
   title = "Sacling up flux measurements for boreal forest using aircraft-tower combinations",
   journal = "J. Geophys. Res.",
   year = 1997,
   volume = 102,
   pages = "{29,125--29,133}"}

@article{kn:Enger86,
   author = "L. Enger",
   title = "A higher order closure model applied to dispersion in a 
	convective {PBL}",
   journal = "Atmos. Environ.",
   year = 1986,
   volume = 20,
   pages = "879--894"}

@article{kn:Enger90a,
   author = "L. Enger",
   title = "Simulation of dispersion in moderately complex terrain --- {P}art 
	{A}. {T}he fluid dynamic model",
   journal = "Atmos. Environ.",
   year = "1990a",
   volume = "24A",
   pages = "2431--2446"}

@article{kn:Enger90b,
   author = "L. Enger",
   title = "Simulation of dispersion in moderately complex terrain --- {P}art 
	{B}. {T}he higher order closure dispersion model",
   journal = "Atmos. Environ.",
   year = "1990b",
   volume = "24A",
   pages = "2447--2455"}

@article{kn:Enger93,
   author = "L. Enger and D. Koracin and X. Yang",
   title = "A numerical study of the boundary layer dynamics in a
	mountain valley. {P}art 1: {M}odel validation and sensitivity 
	experiments",
   journal = "Bound.-Layer Meteorol.",
   year = "1993",
   volume = "66",
   pages = "357--394"}

@article{kn:Enger98,
   author = "L. Enger and B. Grisogono",
   title = "The response of {B}ora-type flow to sea-surface temperature",
   journal = "Quart. J. Roy. Meteorol. Soc.",
   year = "1998",
   volume = "124",
   pages = "1227--1244"}

@inproceedings{kn:Essery01,
   author = "R. Essery and J. Pomeroy",
   title = "Sublimation of snow intercepted by coniferous forest canopies
            in a climate model",
   pages = "343--348",
   booktitle = "Soil-Vegetation-Atmosphere Transfer Schemes and Large-
                Scale Hydrological Models",
   editor = "A. J. Dolman and A. J. Hall and M. L. Kavvas and T. Oki and
             J. W. Pomeroy",
   year = 2001,
   series = "IAHS Publication",
   number = 270,
   publisher ="{International Association of Hydrological Sciences}"}

@article{kn:EtlBr93,
   author = "D. Etling and R. A. Brown",
   title = "Roll vorticies in the planetary boundary layer: a review",
   journal = "Boundary-Layer Meteorol.",
   year = 1993,
   volume = 65,
   pages = "215--248"}

@book{kn:FAO81,
   editor = "FAO-Unesco",
   title = "Soil map of the world: {V}ol. 5, {E}urope",
   publisher = "Unesco-Paris",
   year = 1981}

@article{kn:Ferrare91,
   author = "R.A. Ferrare and J.L. Schols and E.W. Eloranta and R. Coulter",
   title = "Lidar observations of banded convection during {BLX83}",
   journal = "J. Appl. Meteorol.",
   year = 1991,
   volume = 30,
   pages = "312--326"}

@article{kn:FreMa95,
   author = "M. Frech and L. Mahrt",
   title = "A two-scale mixing formulation for the atmospheric boundary layer",
   journal = "Boundary-Layer Meteorol.",
   year = 1995,
   volume = 73,
   pages = "91-104"}

@conference{kn:Frechetal95,
   author = "M. Frech and A. M. Jochum and P. Samuelsson and Hans Bergstr{\"o}m",
   title = "A first step towards aggregating energy fluxes over the {NOPEX}
            area",
   booktitle = "Preprints from the EGS 20th General Assembly",
   year = 1995,
   organization ="European Geophysical Society",
   month = "3 -- 7 April",
   address = "Hamburg, Germany"}

@article{kn:Frechetal98,
   author = "M. Frech and P. Samuelsson and M. Tjernstr{\"o}m and A. M. Jochum",
   title = "Regional surface fluxes over the {NOPEX} area",
   journal = "J. Hydrol.",
   year = 1998,
   volume = "212/213",
   pages = "155--171"}

@article{kn:Frech98,
   author = "M. Frech",
   title = "Mesoscale moisture variability and its impact
   on energy transfer through the boundary layer",
   journal = "Boundary-Layer Meteorol.",
   year = "1998a",
   volume = {87},
   pages = "41--68"}

@article{kn:FreJo98,
   author = "M. Frech and A. Jochum",
   title = "Aggregation medthods compared to aircraft measurements in the
             surface layer",
   journal = "Agric. For. Meteorol.",
   year = 1999,
   volume = {},
   pages = "",
   note = "in press"}

@phdthesis{kn:Frechphd98,
   author = "M. Frech",
   title = "Turbulente Austauschprozesse {\"u}ber heterogenen
 	Landoberfl{\"a}chen",
   school = "Universit{\"a}t M{\"u}nchen",
   address = "Institut f{\"u}r Physik der Atmosph{\"a}re des DLR, Oberpfaffenhofen, Germany",
   year = "1998b"}

@article{kn:GarWy82,
   author = "J. R. Garratt and J. C. Wyngaard and R. J. Francey",
   title = "Winds in the Atmospheric Boundary Layer -- Prediction and
            Observation",
   journal = "J. Atmos. Sci.",
   year = 1982,
   volume =  39,
   pages = "1307--1316"}

@article{kn:Gar93,
   author = "J. R. Garratt",
   title = "Sensitivity of climate simulations to land-surface and atmospheric
            boundary-layer treatments - a review",
   journal = "J. Clim.",
   year = 1993,
   volume =  6,
   pages = "419-449"}

@article{kn:Gar93a,
   author = "J. R. Garratt and P. B. Krummel and E. A. Kowalczyk",
   title = "The surface energy balance at local and regional scales
           -- a comparison of general circulation model results
            with observations",
   journal = "J. Clim.",
   year = 1993,
   volume =  6,
   pages = "1090-1109"}

@article{kn:GalCh92,
   author = "Tzvi Gal-Chen and Mei Xu and Wynn L. Eberhard",
   title = "{Estimations of atmospheric boundary layer fluxes and other turbulence
            parameters from doppler Lidar data}",
   journal = "J. Geophys. Res.",
   year = 1992,
   volume = 97,
   pages = "{18,409--18,423}"}

@article{kn:Gash86,
   author = "J. H. C. Gash",
   title = "A note on estimating the effect of limited fetch on micrometeorological evaporation
	measurements",
   journal = "Boundary-Layer Meteorol.",
   year = 1986,
   volume = 35,
   pages = "409--413"}

@article{kn:Giorgi99,
   author = "F. Giorgi and L. O. Mearns",
   title = "Introduction to special section: {R}egional climate modelling revisited",
   journal = "J. Geophys. Res.",
   year = 1999,
   volume = "104:D6",
   pages = "6335--6352"}

@manual{kn:Gollvik01,
   author = "Stefan Gollvik and Patrick Samuelsson",
   title = "A modified surface scheme for {SWECLIM}",
   year = 2001,
   organization = "SMHI, Rossby Centre",
   address = "SE-601 76 Norrk{\"o}ping, Sweden"}

@article{kn:Gottschalk99,
   author = "L. Gottschalk and E. Batchvarova and S.-E. Gryning and A. Lindroth and D. Melas
	and Y. Motovilov and M. Frech and M. Heikinheimo and P. Samuelsson and A. Grelle
	and T. Persson",
   title = "Scale aggregation --- comparison of flux estimates from NOPEX",
   journal = "Agric. Forest Meteorol.",
   year = 1999,
   volume = "98--99",
   pages = "103--120"}

@article{kn:Goutorbe94,
   author = "J.-P. Goutorbe and T. Lebel and A. Tinga and P. Bessemoulin and J. Bouwer and
             A. J. Dolman and E. T. Engman and J. H. C. Gash and M. Hoepffner and P. Kabat and
             Y. H. Kerr and B. Monteny and S. D. Prince and F. Sa{\"i}d and P. Sellers and
             J. S. Wallace",
   title = "{1994 - {Hapex-Sahel} : {A} large scale study of land-surface interactions
             in the semi-arid tropics.}",
   journal = "Ann. Geophys.",
   year = 1994,
   volume = 12,
   pages = "53-64"}

@article{kn:Goyette01,
   author = "S. Goyette and M. Beniston and D. Caya and R. Laprise and P Jungo",
   title = "Numerical investigation of an extreme storm with the Canadian Regional Climate
            Model: the case study of windstorm \textit{VIVIAN}, {S}witzerland, {F}ebruary 27, 1990",
   journal = "Clim. Dyn.",
   year = 2001,
   volume = 18,
   pages = "145--168"}

@article{kn:Goyette03,
   author = "S. Goyette and O. Brasseur and M. Beniston",
   title = "Application of a new wind gust parameterization: {M}ultiscale case studies
            performed with the Canadian regional climate model",
   journal = "J. Geophys. Res.",
   year = 2003,
   volume =  "108(D13)",
   pages = "doi:10.1029/2002JD002646"}

@article{kn:Grelle94,
   author = "Achim Grelle and Anders Lindroth",
   title = "{Flow Distortion by a Solent Sonic Anemometer: Wind Tunnel
                   Calibration and Its Assessment for Flux Measurements over
                   Forest and Field}",
   journal = "J. Atmos. Oceanic Technol.",
   year = 1994,
   volume = 11,
   pages = "{1529--1542}"}

@article{kn:Grelle96,
   author = "Achim Grelle and Anders Lindroth",
   title = "{Eddy-correlation system for long-term monitoring of fluxes of heat,
             water vapour and {CO2}}",
   journal = "Global Change Biol.",
   year = 1996,
   volume = 2,
   pages = "{297--307}"}

@article{kn:Grelle97a,
   author = "Achim Grelle and A. Lundberg and Anders Lindroth and
	     A. S. Mor{\'e}n and E. Cienciala",
   title = "{Evaporation components of a boreal forest: Variations during
	     the growing season}",
   journal = "J. Hydrol.",
   year = 1997,
   volume = 197,
   pages = "{70--87}"}

@article{kn:Grelle97b,
   author = "Achim Grelle and Anders Lindroth and Meelis M{\"o}lder",
   title = "{Seasonal variation of boreal forest surface conductance
	     and evaporation}",
   journal = "Agric. Forest Meteorol.",
   year = 1999,
   note = "{in press}"}

@article{kn:GrelleCD,
   author = "Achim Grelle and Anders Lindroth",
   title = "Forest surface energy budget in relation to season, stand development, soil moisture and climate ({BGF} 1)",
   journal = "Agric. Forest Meteorol.",
   year = 1999,
   pages = "documented dataset on CD"}

@article{kn:Grisogono95,
  author = "B. Grisogono",
  title = "Wave drag effects in a mesoscale model with a higher order 
	closure turbulence scheme",
  journal = "J. Appl. Meteorol.",
  year = 1995,
  volume = 34,
  pages = "941--954"}

@article{kn:Grisogono96,
  author = "B. Grisogono and M. Tjernstr{\"o}m",
  title = "Thermal mesoscale circulations on the 
	{B}altic coast. 2. {P}erturbation of surface parameters",
  journal = "J. Geophys. Res.",
  year = 1996,
  volume = 101,
  pages = "18,999-19,012"}

@article{kn:Grisogono98,
  author = "B. Grisogono and L. Str{\"o}m and M. Tjernstr{\"o}m",
  title = "Small-scale variability in the coastal atmospheric boundary layer",
  journal = "Bound.-Layer Meteorol.",
  year = 1998,
  volume = 88,
  pages = "23--46"}

@article{kn:Grossman77,
  author = "R. L. Grossman",
  title = "A procedure for the correction of biases in the winds measured
	from aircraft",
  journal = "J. Appl. Meteorol.",
  year = 1977,
  volume = 16,
  pages = "654--658"}

@article{kn:Grossman82,
  author = "R. L. Grossman",
  title = "An analysis of vertical velocity spectra obtained in the
	{BOMEX} fair-weather trade-wind boundary layer",
  journal = "Bound.-Layer Meteorol.",
  year = 1982,
  volume = 23,
  pages = "323--357"}

@article{kn:Gross92a,
   author = "Robert L.  Grossman",
   title = "Sampling errors in the vertical fluxes of potential temperature
	and moisture measured by aircraft during {FIFE}",
   journal = "J. Geophys. Res.",
   year = 1992,
   volume =  97,
   pages = "{18,439--18,443}"}

@article{kn:Gross92b,
   author = "Robert L.  Grossman",
   title = "Convective boundary layer budgets of moisture and sensible heat
            over an unstressed prairie",
   journal = "J. Geophys. Res.",
   year = 1992,
   volume =  97,
   pages = "{18,425--18,438}"}

@article{kn:GryningCD,
   author = "S.-E. Gryning and F. Hansen",
   title = "Heat, momentum and vapour fluxes and profiles of wind at the agricultural site Tisby",
   journal = "Agric. Forest Meteorol.",
   year = 1999,
   pages = "documented dataset on CD"}

@article{kn:Guo94,
   author = "Y. Guo and P.H. Schuepp",
   title = "{On surface energy balance over the northern wetlands
          2. The variability of the Bowen ratio}",
   journal = "J. Geophys. Res.",
   year = 1994,
   volume = 99,
   pages = "{1613-1621}"}

@article{kn:Gutman94,
   author = "G. G. Gutman",
   title = "Global data on land surface parameters from {NOAA} {AVHRR}
            for use in numerical climate models",
   journal = "J. Climate",
   year = 1994,
   volume = 7,
   pages = "669--680"}

@article{kn:Hadfield91,
   author = "M. G. Hadfield and W. R. Cotton and R. A. Pielke",
   title = "{Large-eddy simulation of thermally forced circulations in the
           convective boundary layer: {P}art {I}: {A} small-scale
	circulation with zero wind}",
   journal = "Boundary-Layer Meteorol.",
   year = 1991,
   volume = 57,
   pages = "79--114"}

@article{kn:Hadfield93,
   author = "M. G. Hadfield and W. R. Cotton and R. A. Pielke",
   title = "{Large-eddy simulation of thermally forced circulations in the
           convective boundary layer: Part II: The effect of changes
           in wavelength and wind speed}",
   journal = "Boundary-Layer Meteorol.",
   year = 1993,
   volume = 58,
   pages = "307--327"}

@article{kn:Hagemann99,
   author = "S. Hagemann and L. D{\"u}menil",
   title = "Application of a global discharge model to atmospheric model simulations
            in the {BALTEX} region",
   journal = "Nordic Hydrology",
   year = 1999,
   volume =  30,
   pages = "209--230"}

@techreport{kn:Hagemann992,
   author = "S. Hagemann and M. Botzet and L. D{\"u}menil and B. Machenhauer",
   title = "Derivation og global {GCM} boundary conditions from 1 km land use
            satellite data",
   institution = "Max-Planck-Institute for Meteorology",
   number = 289,
   address = "Hamburg, Germany",
   year = 1999}

@article{kn:Hagemann01,
   author = "S. Hagemann and L. D. Gates",
   title = "Validation of the hydrological cycle of {ECMWF} and {NCEP} reanalyses
            using the {MPI} hydrological discharge model",
   journal = "J. Geophys. Res.",
   year = 2001,
   volume =  106,
   pages = "1503--1510"}

@article{kn:Halldin98,
   author = "S. Halldin and L. Gottschalk and {A. A.} van de Griend and S.-E. Gryning
	and Martti Heikinheimo and Ulf H{\"o}gstr{\"o}m and and A. Jochum and L.-C. Lundin",
   title = "{NOPEX} --- a nortern hemisphere climate processes land surface experiment",
   journal = "J. Hydrol.",
   year = "1998",
   volume = "212--213",
   pages = "172--187"}

@article{kn:Halldin99b,
   author = "S. Halldin and L. Gottschalk and S.-E. Gryning and A. Jochum
             and L.-C. Lundin and {A.A.} van de Griend",
   title = "Energy, water and carbon exchange in a boreal forest -- {NOPEX} experiences",
   journal = "Agric. Forest Meteorol.",
   year = "1999b",
   note = "in press"}

@article{kn:Halldin99a,
   author = "S. Halldin and H. Bergstr{\"o}m and L. Dahlgren and P. Hjelm and P.-E. Mellander
	     and T. Nord and P.-E. Jansson and J. Seibert and A.-S. Smedman",
   title = "Continuous long-term measurements of soil-plant-atmosphere variables at an agricultural site",
   journal = "Agric. Forest Meteorol.",
   year = "1999a",
   note = "in press"}

@article{kn:Hedstrom98,
   author = "N. R. Hedstrom and J. W. Pomeroy",
   title = "Measurements and modelling of snow interception in the boreal forest",
   journal = "Hydrol. Proceeses",
   year = 1998,
   volume = 12,
   pages = "1611--1625"}

@article{kn:HeikinheimoCD,
   author = "M. Heikinheimo and S. Tattari and T. Tourula and A. Ven{\"a}l{\"a}inen and J. Virta and A.-R. Elo",
   title = "Energy budget of a lake and its influence in the mesoscale; the structure of the atmosperic
   boundary layer within a land-lake transect",
   journal = "Agric. Forest Meteorol.",
   year = "1999",
   pages = "documented dataset on CD"}

@book{kn:Hillel80,
  author = "Daniel Hillel",
  title = "Fundamentals of Soil Physics",
  publisher = "Academic Press",
  address = "New York",
  year = 1980}

@article{kn:HoltsB93,
   author = "A. A. M. Holtslag and B. A. Boville",
   title = "Local versus nonlocal boundary layer diffusion in a global climate
            model",
   journal = "J. Clim.",
   year = 1993,
   volume = 6,
   pages = "1825--1842"}

@article{kn:HoltsM91,
   author = "A. A. M. Holtslag and C.-H. Moeng",
   title = "Eddy diffusivity and countergradient transport in the convective
             atmospheric boundary layer",
   journal = "J. Atmos. Sci.",
   year = 1991,
   volume = 48,
   pages = "1690-1698"}

@article{kn:Hoeg90,
   author = "Ulf H{\"{o}}gstr{\"{o}}m",
   title = "{Analysis of Turbulence Structure in the Surface Layer with a
            Modified Similarity Formulation for Near Neutral Conditions}",
   journal = "J. Atmos. Sci.",
   year = 1990,
   volume = 47,
   pages = "1949-1972"}


@article{kn:Hogstrom96,
   author = "Ulf H{\"o}gstr{\"o}m and Hans Bergstr{\"o}m",
   title = "Organized Turbulence Structures in the Near-Neutral
                   Atmospheric Surface Layer",
   journal = "J. Atmos. Sci.",
   year = 1996,
   volume = 53,
   pages = "2452--2464"}


@article{kn:Hoistr82,
   author = "J{\o}rgen H{\o}jstrup",
   title = "{Velocity Spectra in the Unstable Planetary Boundary Layer}",
   journal = "J. Atmos. Sci.",
   year = 1982,
   volume =  39,
   pages = "2239-2248"}

@book{kn:Houghton90,
  author = "J. T. Houghton and G. J. Jenkins and J. J. Ephraums",
  title = "Climate change: {T}he {IPCC} assessment",
  publisher = "Cambridge {U}niversity {P}ress",
  address = "Cambridge",
  year = 1990}

@book{kn:Houghton92,
  author = "J. T. Houghton and B. A. Calander and S. K. Varney",
  title = "Climate change 1992: {T}he supplementary report to the
	{IPCC} assessment",
  publisher = "Cambridge {U}niversity {P}ress", 
  address = "Cambridge",
  year = 1992}

@article{kn:HowM94a,
   author = "J. F. Howell and L. Mahrt",
   title = "{An adaptive multiresolution data filter: application to
             turbulence and climatic time series}",
   journal = "J. Atmos. Sci.",
   year = 1994,
   volume =  51,
   pages = "2165-2178"}

@article{kn:How95,
   author = "J. F. Howell",
   title = "Identifying sudden changes in data",
   journal = "Mon. Wea. Rev.",
   year = 1995,
   volume =  123,
   pages = "1207-1212"}

@conference{kn:HowM94b,
   author = "J. F. Howell and L. Mahrt",
   title = "{An adaptive decomposition: Application to turbulence}",
   booktitle = "{Wavelets in Geophysics}",
   year = 1994,
   organization ="{E. Foufoula-Georgiou and P. Kumar, Eds}",
   address = "{Academic Press}"}

@techreport{kn:vdHurk00,
   author = "B. J. J. M. {van den Hurk} and P. Viterbo and A. C. M. Beljaars and A. K. Betts",
   title = "Offline validation of the {ERA}40 surface scheme",
   institution = "ECMWF",
   type = "Technical Memorandum",
   year = 2000,
   number =  295}

@article{kn:vdHurk02,
   author = "Bart {van den Hurk} and Pedro Viterbo",
   title = "The {T}orne-{K}alix {PILPS2E} experiment as a test bed for modifications
   to the {ECMWF} land surface scheme",
   journal = "Global Planetary Change",
   year = 2003,
   volume =  38,
   pages = "165--173"}

@article{kn:Jackson96,
   author = "R. B. Jackson and J. Canadell and J. R. Ehleringer and H. A. Mooney and O. E. Sala and E. D. Schulze",
   title = "A global analysis of root distributions for terrestrial biomes",
   journal = "Oecologia",
   year = 1996,
   volume =  "108",
   pages = "389--411"}

@article{kn:Jacobs92,
   author = "C. M. J. Jacobs and H. A. R. {De Bruin}",
   title = "The Sensitivity of Regional Transpiration to Land-Surface Characteristics:
            Significance of Feedback",
   journal = "J. Climate",
   year = 1992,
   volume =  "5",
   pages = "683--698"}

@article{kn:Jarvis76,
   author = "P. G. Jarvis",
   title = "The interpretation of the variations in leaf water potential
   and stomatal conductance found in canopies in the field",
   journal = "Phil. Trans. Roy. Soc. London",
   year = 1976,
   volume =  "B273",
   pages = "593--610"}

@article{kn:Jiao08,
   author = "Y. Jiao and C.G. Jones",
   title = "Comparison Studies of Cloud- and Convection-Related Processes Simulated
            by the Canadian Regional Climate Model over the Pacific Ocean",
   journal = "Mon Wea Rev",
   year = 2008,
   volume =  136,
   pages = "4168--4187"}

@techreport{kn:Jones01,
   author = "Colin Jones",
   title = "A Brief Description of {RCA}2 ({R}ossby {C}entre {A}tmosphere Model Version 2)",
   year = 2001,
   number = 11,
   type = "SWECLIM Newsletter",
   institution = "SMHI, Rossby Centre",
   address = "SE-601 76 Norrk{\"o}ping, Sweden"}

@techreport{kn:Jones02,
   author = "C. G. Jones and E. Sanchez",
   title = "The representation of shallow cumulus convection and associated cloud fields in the {R}ossby {C}entre Atmospheric Model",
   year = 2002,
   number = 41,
   type = "HIRLAM Newsletter",
   institution = "SMHI",
   address = "SE-601 76 Norrk{\"o}ping, Sweden"}

@article{kn:Jones04,
   author = "C.G. Jones and U. Will{\'e}n and A. Ullerstig and U. Hansson",
   title = "The Rossby Centre Regional Atmospheric Climate Model Part {I}:
   Model Climatology and Performance for the Present Climate over Europe",
   journal = "Ambio",
   year = 2004,
   volume =  "33:4-5",
   pages = "199--210"}

@inproceedings{kn:Kahar96,
   author = "S. Kaharabata and P. H. Schuepp and R. L. Desjardins and
             J. I. MacPherson",
   title = "Footprint considerations in {BOREAS}",
   pages = "31--34",
   booktitle = "22nd Conference on agricultural \& forest meteorology
                with symposium on fire \& forest meteorology",
   year = 1996,
   organization ="{American Meteorological Society}",
   month = "January",
   address = "Boston, {MA}"}

@article{kn:Kahar97,
   author = "S.K. Kaharabata and P. H. Schuepp and J. I. MacPherson",
   title = "Footprint considerations in {BOREAS}",
   journal = "J. Geophys. Res.",
   year = 1997,
   volume = 102,
   pages = "29113--29124"}

@article{kn:Kaimal82,
   author = "J. C. Kaimal and R. A. Eversole and D. H. Lenschow and B. B. Stankov and
	P. H. Kahn and J. A. Businger",
   title = "Spectral characteristics of the convective boundary layer over uneven terrain",
   journal = "J. Atmos. Sci.",
   year = 1982,
   volume = 39,
   pages = "1098--1114"}

@book{kn:Kaimal94,
   author = "J. C. Kaimal and J.J. Finnigan",
   title = "Atmospheric boundary layer flows: {T}heir structure and
            measurement",
   publisher = "Oxford University Press",
   address = "New York",
   year = 1994}

@article{kn:Kain90,
   author = "John S. Kain and J. Michael Fritsch",
   title = "A One-Dimensional Entraining/Detraining Plume Model and Its Application in Convective
            Parameterization",
   journal = "J. Atmos. Sci.",
   year = 1990,
   volume = 47,
   pages = "2784--2802"}

@incollection{kn:Kain93,
   author = "J. S. Kain and J. M. Fritsch",
   title = "Convective parameterizations for Mesoscale Models: {T}he {K}ain-{F}ritsch scheme",
   booktitle = "The representation of cumulus convection in numerical models",
   publisher = "American Meteorologiacl Society Monograph",
   address = "Boston, USA",
   year = 1993,
   editor = "K. A. Emanuel and D. J. Raymond",
   note = "246 pp"}

@article{kn:Katul94a,
   author = "G. Katul",
   title = "A model for sensible heat flux probability density function
           for near-neutral and slightly-stable atmosphere flows",
   journal = "Boundary-Layer Meteorol.",
   year = 1994,
   volume = 71,
   pages = "1-20"}

@article{kn:Katul94b,
   author = "Gabriel G. Katul and John Albertson and Han Stricker",
   title = "Conditional sampling, bursting, and the intermittent
	    structure of sensible heat flux",
   journal = "J. Geophys. Res.",
   year = 1994,
   volume = 99,
   pages = "22,869--"}

@article{kn:Katul97,
   author = "G. Katul and G. Kuhn and J. Schieldge and C.-I Hsieh",
   title = "The ejection-sweep character of scalar fluxes in the
            unstable surface layer",
   journal = "Boundary-Layer Meteorol.",
   year = 1997,
   volume = 83,
   pages = "1--26"}

@article{kn:Kla92,
   author = "Wim Klaassen",
   title = "Average fluxes from heterogeneous vegetated regions",
   journal = "Boundary-Layer Meteorol.",
   year = 1992,
   volume = 58,
   pages = "329-354"}

@inbook{kn:Kelly77,
   author = "R. E. Kelly",
   title = "Physicochemical Hydrodynamics",
   chapter = "The onset and development of Rayleigh-Benard convection in shear
            flows: {A} review",
   publisher = "B.B. Spalding Ed.",
   note = "Advanced Publications",
   year = 1977,
   pages = "65--79"}

@article{kn:Kel84,
   author = "R. D. Kelly",
   title = "Horizontal roll and boundary-layer interrelationships observed
            over Lake Michigan",
   journal = "J. Atmos. Sci.",
   year = 1984,
   volume =  41,
   pages = "1816-1826"}

@article{kn:Kelly92,
   author = "Robert. D. Kelly and Eric. A. Smith and J. Ian MacPherson",
   title = "A comparison of surface sensible and latent heat fluxes
            from aircraft and surface measurements in {FIFE} 1987",
   journal = "J. Geophys. Res.",
   year = 1992,
   volume =  97,
   pages = "18445--18453"}

@article{kn:Khalsa80,
   author = "S. J. S. Khalsa",
   title = "Surface-layer intermittency investigated with conditional sampling.",
   journal = "Boundary-Layer Meteorol.",
   year = 1980,
   volume = 19,
   pages = "135--153"}

@article{kn:Khanna97,
   author = "Samir Khanna and James G. Brasseur",
   title = "Analysis of {M}onin-{O}bukhov similarity from large-eddy
            simulations",
   journal = "J. Fluid Meach.",
   year = 1997,
   volume =  345,
   pages = "251--286"}

@article{kn:Khanna98,
   author = "Samir Khanna and James G. Brasseur",
   title = "Three-Dimensional Buoyancy- and Shear-Induced Local
                   Structure of the Atmospheric Boundary Layer",
   journal = "J. Atmos. Sci.",
   year = 1998,
   volume =  55,
   pages = "710--743"}

@techreport{kn:Kjellstrom05,
   author = "E. Kjellstr{\"o}m and L. B{\"a}rring and S. Gollvik and U. Hansson and C. Jones and
             P. Samuelsson and M. Rummukainen and A. Ullerstig and U. Will{\'e}n and  Klaus Wyser",
   title = "A 140-year simulation of {E}uropean climate with the new version of the {R}ossby
            {C}entre regional atmospheric climate model {(RCA3)}",
   year = 2005,
   number = 108,
   type = "Reports Meteorology and Climatology",
   institution = "SMHI",
   address = "SE-601 76 Norrk{\"o}ping, Sweden"}

@article{kn:Koracin94,
   author = "D. Koracin and L. Enger",
   title = "A numerical study of boundary-layer dynamics in a mountain valley.
	{P}art 2: {O}bserved and simulated characteristics of atmospheric 
	stability and local flows",
   journal = "Boundary-Layer Meteorol.",
   year = 1994,
   volume = 69,
   pages = "249--283"}

@article{kn:Koster92,
   author = "R. D. Koster and M. J. Suarez",
   title = "A comparative analysis of two land-surface heterogeneity
            representations",
   journal = "J. Climate.",
   year = 1992,
   volume =  5,
   pages = "1379-1390"}

@inproceedings{kn:Kuhry97,
  author = "P. Kuhry and P. Oksanen",
  title = "The role of West-Siberian and East-European Russian peat 
	deposits in the global terrestrial carbon cycle",
  booktitle = "Hydr., Ocea., Atmos. \& Nonlin. Geophys",
  series = "Ann. Geophys",
  organization = "European Geophysical Society",
  year = 1997,
  volume = 15,
  note = "Suppl. {II}", 
  pages = "C356"}

@manual{kn:Kallen96,
   author = "E. K{\"a}ll{\e}n",
   title = "{HIRLAM Documentation Manual}",
   edition = "System 2.5",
   year = 1996,
   month = "June"}

@article{kn:Moeng94,
   author = "C.-H. Moeng and P.P. Sullivan",
   title = "A Comparison of Shear- and Buoyancy-Driven Planetary Layer Flows",
   journal = "J. Atmos. Sci.",
   year = 1994,
   volume =  51,
   pages = "999--1022"}

@article{kn:Launiainen95,
   author = "J. Launiainen",
   title = "Derivation of the relationship between the Obukhov stability parameter
   and the bulk {R}ichardson number for flux profiles",
   journal = "Boundary-Layer Meteorol.",
   year = 1995,
   volume = 76,
   pages = "165--179"}

@article{kn:Lee90,
   author = "M.J. Lee and J. Kim and P. Moin",
   title = "Structure of turbulence at high shear rate",
   journal = "J. Fluid Meach.",
   year = 1990,
   volume =  216,
   pages = "1077--1091"}

@article{kn:LeMone76a,
   author = "M. A. LeMone",
   title = "Modulation of turbulence energy by longitudinal rolls in an
            unstable planetary boundary layer",
   journal = "J. Atmos. Sci.",
   year = 1976,
   volume =  33,
   pages = "1308-1320"}

@article{kn:LeMone76b,
   author = "M. A. LeMone and W. T. Pennell",
   title = "The relationship of trade wind cumulus
            distribution to subcloud layer fluxes and structure",
   journal = "Mon. Wea. Rev.",
   year = 1976,
   volume =  104,
   pages = "524-539"}

@techreport{kn:Lenderink00,
   author = "G. Lenderink and W. de Rooy",
   title = "A robust mixing length formulation for a {TKE}-1 turbulence scheme",
   year = 2000,
   number = 36,
   type = "HIRLAM Newsletter",
   institution = "KNMI",
   address = "The Neatherlands",
   note = "25--29"}

@article{kn:Lenderink04,
   author = "G. Lenderink and A. A. M. Holtslag",
   title = "An updated length-scale formulation for turbulent mixing in clear and cloudy boundary layers",
   journal = "Quart. J. Roy. Meteor. Soc.",
   year = 2000,
   volume =  130,
   pages = "3405--3427"}

@article{kn:Lenschow70,
   author = "D. H. Lenschow",
   title = "Airplane measurements of planetary boundary layer structure",
   journal = "J. Appl. Meteorol.",
   year = 1970,
   volume = 9,
   pages = "874--884"}

@article{kn:Lenschow86,
   author = "D. H. Lenschow and B.B. Stankov",
   title = "Length scales in the convective boundary layer",
   journal = "J. Atmos. Sci.",
   year = 1986,
   volume = 43,
   pages = "1198--1209"}

@article{kn:Lenschow88,
   author = "D. H. Lenschow and X. S. Li and C. J. Zhu and B. B. Stankov",
   title = "The stably stratified boundary layer over the Great Plains, {I},
		{M}ean and turbulence structure",
   journal = "Boundary-Layer Meteorol.",
   year = 1988,
   volume =  42,
   pages = "95--121"}

@article{kn:Len94,
   author = "D. H. Lenschow and J. Mann and L. Kristensen",
   title = "{How long is long enough when measuring fluxes and
             other turbulence statistics?}",
   journal = "J. Atmos. and Oceanic Technol.",
   year = 1994,
   volume = {11},
   pages = "661--"}

@article{kn:Lenschow91,
   author = "D. H. Lenschow and E. R. Miller and R. B. Friesen",
   title = "A three-aircraft intercomparision of two types of air motion
            measurements systems",
   journal = "J. Atmos. and Oceanic Technol.",
   year = 1991,
   volume = 8,
   pages = "41--50"}

@incollection{kn:Len86,
   author = "D. H. Lenschow",
   title = "Aircraft measurements in the boundary layer",
   booktitle = "Probing the Atmospheric Bounadry Layer",
   publisher = "American Meteorologiacl Society",
   address = "Boston, Mass.",
   year = 1986,
   editor = "D. H. Lenschow",
   pages = "39--55"}

@article{kn:Lho94,
   author = "J.-P. Lhomme and A. Chehbouni and B. Monteny",
   title = "Effective parameters of surface energy balance in
           heterogeneous landscape",
   journal = "Boundary-Layer Meteorol.",
   year = 1994,
   volume =  71,
   pages = "297-309"}

@article{kn:LiAvi94,
   author = " Li and R. Avissar",
   title = "The impact of spatial variability of land-surface characteristics
            on land-surface heat fluxes",
   journal = "J. Clim.",
   year = 1994,
   volume =  7,
   pages = "527-537"}

@article{kn:Lin97,
   author = "Ching-Long Lin and Chin-Hoh Moeng and Peter P. Sullivan
             and James C. McWilliams",
   title = "The effect of surface roughness on flow structures in a
            neutrally stratified planetary boundary layer flow ",
   journal = "Phys. Fluids",
   year = 1997,
   volume =  9,
   pages = "3235--3249"}

@article{kn:Lindroth98,
   author = "Anders Lindroth and Achim Grelle and AS. Mor{\'e}n",
   title = "{Long-term measurements of boreal forest carbon balance reveal
             large temperature sensitivity}",
   journal = "Global Change Biol.",
   year = 1998,
   volume = 4,
   pages = "{443-450}"}

@article{kn:LindrothCD,
   author = "A. Lindroth and A. Grelle and Z. Iritz and A.-S. Mor{\'e}n",
   title = "Fluxes of latent and sensible heat and carbon dioxide from forest and field",
   journal = "Agric. Forest Meteorol.",
   year = "1999",
   pages = "documented dataset on CD"}

@techreport{kn:Lindstrom99,
   author = "G. Lindstr{\"o}m and M. Gardelin",
   title = "A simple snow parameterization scheme intended for the {RCA} model based on
   the {HBV} runoff model",
   year = 1999,
   number = 6,
   type = "SWECLIM Newsletter",
   institution = "SMHI, Sweden",
   note = "16--20"}

@article{kn:Lindstrom97,
   author = "G. Lindstr{\"o}m and B. Johansson and M. Persson and M. Gardelin and
             S. Bergstr{\"o}m",
   title = "Development and test of the distributed {HBV-96} hydrological model",
   journal = "J. Hydrology",
   year = 1997,
   volume = 201,
   pages = "272--288"}

@article{kn:Liston94,
   author = "G. E. Liston and Y. C. Sud and E. F. Wood",
   title = "Evaluating {GCM} Land Surface Hydrology Parameterizations by Computing River
            Discharges Using a Runoff Routing Model: {A}pplication to the {M}ississippi Basin",
   journal = "J. Appl. Meteorol.",
   year = 1994,
   volume =  33,
   pages = "394--405"}

@article{kn:Ljungemyr96,
  author = "P. Ljungemyr and N, Gustfasson and A. Omstedt",
  title = "Parameterization of lake thermodynamics in a high-resolution weather forecasting model",
  journal = "Tellus A",
  volume = "48",
  year = "1996",
  pages = "608--621"
}

@article{kn:LyAvi95,
   author = "B. H. Lynn and D. Rind and R. Avissar",
   title = "The importance of mesoscale circulations generated by
            subgrid-scale landscape heterogeneities in general
            circulation models",
   journal = "J. Clim.",
   year = 1995,
   volume =  8,
   pages = "191-205"}

@article{kn:LyAvib95,
   author = "B. H. Lynn and F. Abramopoulos and R. Avissar",
   title = "Using similarity theory to paramterize mesoscale heat 
         fluxes generated by subgrid-scale landscape discontinuities in {GCM}s",
   journal = "J. Clim.",
   year = 1995,
   volume =  8,
   pages = "932-951"}

@inproceedings{kn:Louis82,
   author = "J. F. Louis and M. Tiedtke and J. F. Geleyn",
   title = "{A short history of the PBL parameterization at ECMWF}",
   booktitle = "{Workshop on Boundary Layer Parameterization}",
   year = 1981,
   organization ="{European Centre for Medium-Range Weather Forecasts}",
   address = "{Reading, U.K.}"}

@article{kn:Lu73,
   author = "S.S. Lu and W.W. Willmarth",
   title = "Measurements of the structure of the {R}eynolds stress in a
            turbulent boundary layer",
   journal = "J. Fluid Mech.",
   year = 1973,
   volume =  60,
   pages = "481--511"}

@article{kn:Lu94,
   author = "C.-H. Lu and D.R. Fitzjarrald",
   title = "Seasonal and diurnal variations 
            of coherent structures over a deciduous forest",
   journal = "Boundary-Layer Meteorol.",
   year = 1994,
   volume =  69,
   pages = "43--70"}

@phdthesis{kn:Lundberg96,
   author = "Angela Lundberg",
   title = "Interception evaporation. {P}rocesses and measurement techniques",
   school = "Lule{\aa} University of Technology",
   address = "Dept. of Environmental Planning and Design, SE-971 87 Lule{\aa}, Sweden",
   year = "1996"}

@article{kn:Lundin98a,
   author = "L.C. Lundin and E. Cienciala and A. Grelle and S. Halldin and P. Hjelm and E. Kellner
	and A. Lindroth and A. Lundberg and A.S. Mor{\'e}n and T. Nord and J. Seibert and M. St{\"a}hli",
   title = "Continuous long-term measurements of soil-plant-atmosphere variables at a forest site",
   journal = "Agric. Forest Meteorol.",
   year = 1999,
   note = "in press"}

@article{kn:Lundin98b,
   author = "L.C. Lundin and S. Halldin and T. Nord",
   title = "System for information in {NOPEX} - Retrieval, use, and query of climate data",
   journal = "Agric. Forest Meteorol.",
   year = 1999,
   note = "in press"}

@article{kn:McCumber81,
   author = "Michael C. McCumber and Roger A. Pielke",
   title = "Simulation of the effects of surface fluxes of heat and moisture in a
            mesoscale numerical model 1. {S}oil layer",
   journal = "J. Geophys. Res.",
   year = 1981,
   volume = 86,
   pages = "{9,929--9,938}"}

@article{kn:McPh92,
   author = "J. I. MacPherson and R. L. Grossman and R. D. Kelly",
   title = "{Intercomparison results for FIFE flux aircraft}",
   journal = "J. Geophys. Res.",
   year = 1992,
   volume = 97,
   pages = "{18,499-18,514}"}

@article{kn:Mahfouf95,
   author = "J.-F. Mahfouf and A. O. Manzi and J. Noilhan and H. Giordani and
             M. D{\'e}qu{\'e}",
   title = "The land surface scheme {ISBA} within the {M}{\'e}t{\'e}o-{F}rance climate model
            {ARPEGE}. {P}art {I}: {I}mplementation and preliminary results",
   journal = "J. Climate",
   year = 1995,
   volume = 8,
   pages = "2039--2057"}

@article{kn:Mahrt87,
   author = "L. Mahrt",
   title = "Grid-averaged surface fluxes",
   journal = "Mon. Wea. Rev.",
   year = 1987,
   volume = 15,
   pages = "1550-1560"}

@article{kn:Mahrt91a,
   author = "L. Mahrt",
   title = "Eddy Asymmetry in the Sheared Heated Boundary Layer",
   journal = "J. Atmos. Sci.",
   year = {1991a},
   volume = 48,
   pages = "472--492"}

@article{kn:Mahrt91b,
   author = "L. Mahrt",
   title = "Boundary-layer moisture regimes",
   journal = "Quart. J. Roy. Meteorol. Soc.",
   year = 1991,
   volume = 117,
   pages = "151-176"}

@article{kn:MahrtEk93a,
   author = "L. Mahrt and M. Ek",
   title = "{Spatial variability of turbulent fluxes and roughness lengths in
             HAPEX-MOBILHY}",
   journal = "Boundary-Layer Meteorol.",
   year = {1993},
   volume = 65,
   pages = "381-400"}

@article{kn:Mahrt94a,
   author = "L. Mahrt and Jielun Sun and Dean Vickers and J. I. MacPherson,
             J. R. Pederson and R. L. Desjardins",
   title = "{Observations of fluxes and inland breezes over a heterogeneous
             surface}",
   journal = "J. Atmos. Sci.",
   year = {1994},
   volume = {51},
   pages = "{2484--2499}"}

@article{kn:Mahrt94b,
   author = "L. Mahrt and J. I. MacPherson and R. Desjardins",
   title = "{Observations of fluxes over heterogeous surfaces}",
   journal = "Boundary-Layer Meteorol.",
   year = {1994},
   volume = 67,
   pages = "345-367"}

@article{kn:Mahrt96,
   author = "L. Mahrt",
   title = "The Bulk Aerodynamic Formulation over Heterogeneous
                   Surfaces",
   journal = "Boundary-Layer Meteorol.",
   year = 1996,
   volume = 78,
   pages = "87--119"}

@article{kn:Mahrt97,
   author = "L. Mahrt",
   title = "{Flux Sampling Errors for Aircraft and Towers}",
   journal = "J. Atm. and Oceanic Tech.",
   year = {1998},
   volume = 15,
   pages = "416--429"}

@article{kn:MahGi92,
   author = "L. Mahrt and Wayne Gibson",
   title = "Flux decomposition into coherent structures",
   journal = "Boundary-Layer Meteorol.",
   year = 1992,
   volume = 60,
   pages = "143--168"}

@article{kn:Mann94,
   author = "Jakob Mann and Donald H. Lenschow",
   title = "{Errors in airborne flux measurements}",
   journal = "J. Geophys. Res.",
   year = 1994,
   volume = 99,
   pages = "{14,519--14,526}"}

@article{kn:Marsh99,
   author = "Peter Marsh",
   title = "Snowcover formation and melt: recent advances and future prospects",
   journal = "Hyrological Processes",
   year = 1999,
   volume = 13,
   pages = "2117--2134"}

@article{kn:Mas88,
   author = "P. J. Mason",
   title = "The formation of areally-averaged roughness lengths",
   journal = "Quart. J. Roy. Meteorol. Soc.",
   year = 1988,
   volume = 114,
   pages = "399-420"}

@article{kn:Masters93,
   author = "J. M. Masters and J. A. Leise",
   title = "Correction of inertial navigation with {L}oran {C} on {NOAA}'s {P}-3
            aircraft",
   journal = "J. Atmos. Oceanic Technol.",
   year = 1993,
   volume = 10,
   pages = "145--154"}

@article{kn:McDonald93,
   author = "A. McDonald",
   title = "A Two Time-Level, Three-Dimensional, Semi-Lagrangian, Semi-implicit, Limited-Area
            Gridpoint Model of the Primitive Equations. {P}art {II}: {E}xtension to Hybrid Vertical Coordinates",
   journal = "Mon. Wea. Rev.",
   year = 1993,
   volume = 121,
   pages = "2077-2087"}

@article{kn:Mellor82,
   author = "G. L. Mellor and T. Yamada",
   title = "Development of a turbulence closure model for geophysical flow problems",
   journal = "Reviews of Geophysics and Space Physics",
   year = 1982,
   volume = 20,
   pages = "851--875"}

@article{kn:Mikhaylova91,
   author = "L. A. Mikhaylova and A. {YE}. Ordanovich",
   title = "Coherent structures in the atmospheric boundary layer ({A} survey)",
   journal = "Izv. Atmos. Oceanic Phys.",
   year = 1991,
   volume = 27,
   pages = "413--428"}

@article{kn:Monc95,
   author = "M. W. Moncrieff",
   title = "Mesoscale convection from a large-scale perspective",
   journal = "Atmos. Res.",
   year = 1995,
   volume = 35,
   pages = "87-112"}

@article{kn:Myrup69,
   author = "L. O. Myrup",
   title = "Turbulence spectra in stable and convective layers in the free atmosphere",
   journal = "Tellus",
   year = 1969,
   volume = 21,
   pages = "341--354"}

@article{kn:Molder98,
   author = "M. M{\"o}lder",
   title = "Regional sensible heat flux and thermal roughness length of an
	inhomogeneous boreal landscape",
   journal = "Hydrol. Proc.",
   year = 1998,
   volume = "",
   pages = "",
   note = "in press"}

@article{kn:molder99,
   author = "M. M{\"o}lder and A. Grelle and A. Lindroth and S. Halldin",
   title = "Flux-profile relationships over a boreal forest --- Roughness sublayer corrections",
   journal = "Agric. Forest Meteorol.",
   year = "1999a",
   volume = "",
   pages = "",
   note = "in press"}

@article{kn:Molder99b,
   author = "M. M{\"o}lder and A. Lindroth",
   title = "Thermal roughness length of a boreal forest",
   journal = "Agric. Forest Meteorol.",
   year = "1999",
   volume = "98--99",
   pages = "659--670"}
   
@article{kn:MolderCD,
   author = "M. M{\"o}lder and S. Halldin and  A. Lindroth",
   title = "Characterization of the lowest 100 m of the boundary layer and the radiation budget of the surface",
   journal = "Agric. Forest Meteorol.",
   year = "1999b",
   volume = "",
   pages = "documented dataset on CD"}

@book{kn:Monteith75,
   editor = "J. L. Monteith",
   title = "Vegetation and the atmosphere",
   publisher = "Academic Press",
   year = 1975,
   volume = 1}

@article{kn:New02,
   author = "Mark New and David Lister and Mike Hulme and Ian Makin",
   title = "A high-resolution data set of surface climate over global land areas",
   journal = "Clim. Res.",
   year = 2002,
   volume = 21,
   pages = "1--25"}

@article{kn:Nic78,
   author = "S. Nicholls",
   title = "Measurements of turbulence by an instrumented aircraft in a
            convective atmospheric boundary layer over the sea",
   journal = "Quart. J. Roy. Meteorol. Soc.",
   year = 1978,
   volume = 104,
   pages = "653-676"}

@article{kn:NicR79,
   author = "S. Nicholls and C. J. Readings",
   title = "Aircraft observations of the structure of
            the lower boundary layer over the sea",
   journal = "Quart. J. Roy. Meteorol. Soc.",
   year = 1979,
   volume = 105,
   pages = "785-802"}

@article{kn:Nic81,
   author = "S. Nicholls and C. J. Readings",
   title = "Spectral Characteristics 
            of Surface Layer Turbulence over the Sea",
   journal = "Quart. J. Roy. Meteorol. Soc.",
   year = 1981,
   volume = 107,
   pages = "591--614"}

@article{kn:Noilhan89,
   author = "J. Noilhan and S. Planton",
   title = "A simple parameterization of land surface processes for meteorological models",
   journal = "Mon. Wea. Rev.",
   year = 1989,
   volume = "117",
   pages = "536--549"}
   
@article{kn:Noi91,
   author = "J. Noilhan and P. Lacarr\`ere",
   title = "{GCM gridscale evaporation from mesoscale modelling}",
   booktitle = "{ECMW proceedings}",
   year = 1991,
   organization ="{European Centre for Medium-Range Weather Forecasts}",
   month = "16 -- 18 September",
   address = "{Reading, U.K.}"}
   
@article{kn:Noilhan91,
   author = "J. Noilhan and P. Lacarrere and P. Bougeaul",
   title = "{An Experiment with an advanced surface parameterization in a
   	mesobeta-scale model III. {C}omparison with the {HAPEX-MOBILHY} dataset}",
   journal = "Mon. Wea. Rev.",
   year = 1991,
   volume = "119",
   pages = "2393--2413"}

@article{kn:Oki99,
   author = "B. T. Oki and T. Nishimura and P. Dirmeyer",
   title = "Assessment of annual runoff from land surface models using total runoff
            integrating pathways ({TRIP})",
   journal = "J. Meteorol. Soc. Japan",
   year = 1999,
   volume = 77,
   pages = "235--255"}

@article{kn:Orl75,
   author = "I. Orlanski",
   title = "A rational subdivision of scales for atmospheric processes",
   journal = "Bull. Am. Meteorol. Soc.",
   year = 1975,
   volume = "{56}",
   pages = "527-530"}

@book{kn:Panofsky84,
   author = "H. A. Panofsky and J. A. Dutton",
   title = "Atmospheric turbulence",
   publisher = "John {W}iley {\&} {S}ons, {I}nc.",
   address = "New York",
   year = 1984}

@article{kn:PC92,
   author = "J. E. Pleim and J. S. Chang",
   title = "A non-local closure model for vertical mixing in the convective
            boundary layer",
   journal = "Atm. Env.",
   year = 1992,
   volume = "{26A}",
   pages = "965-981"}

@article{kn:Pi89,
   author = "J.-P. Pinty and  P. Mascart and E. Richard and R. Rosset",
   title = "{An investigation of mesoscale flows induced by vegetation
           inhomogeneities using an evapotranspiration model calibrated
           against HAPEX-MOBILHY data}",
   journal = "J. Appl. Meteorol.",
   year = 1989,
   volume = 28,
   pages = "976-992"}

@article{kn:Piel92,
   author = "R. A. Pielke and  W. R. Cotton and R. L. Walko and C. J. Tremback
             and M. E. Nicholls and M. D. Moran and D. A. Wasley and T. J. Lee
             and J. H. Copeland",
   title = "{A comprehensive meteorological modelling system - RAMS}",
   journal = "Meteor. Atmos. Phys.",
   year = 1992,
   volume = 49,
   pages = "69-91"}

@article{kn:Pielke90,
   author = "R. A. Pielke and  R. Avissar",
   title = "{Influence of landscape structure on local and regional climate}",
   journal = "Landscape Ecol.",
   year = 1990,
   volume = 4,
   pages = "133--155"}

@article{kn:Pri47,
   author = "C. H. B. Priestley  and W. C. Swinbank",
   title = "Vertical transport of heat by turbulence in the atmosphere",
   journal = "Proc. R. Soc.",
   year = 1947,
   volume = "{A189}",
   pages = "543-561"}

@article{kn:Raupach81,
   author = "M.R. Raupach",
   title = "Conditional statistics of {R}eynolds stress in rough-wall and smooth wall
            turbulent boundary layers",
   journal = "J. Fluid Mech.",
   year = 1981,
   volume = 108,
   pages = "363--382"}

@article{kn:Rasch98,
   author = "P. J. Rasch and J. E. Kristj{\'a}nsson",
   title = "A Comparison of the {CCM}3 Model Climate Using Diagnosed and Predicted Condensate
            Parameterizations",
   journal = "J. Climate",
   year = 1998,
   volume = 11,
   pages = "1587--1614"}

@article{kn:Raupach95,
   author = "M. R. Raupach and J. J. Finnigan",
   title = "Scale issues in boundary-layer meteorology: surface energy balances in
	heterogeneous terrain",
   journal = "Hydrol. Proc.",
   year = 1995,
   volume = 9,
   pages = "589--612"}

@book{kn:Richtmeyer67,
   author = "R. D. Richtmeyer and K. W. Morton",
   title = "Difference Methods for Initial-Value Problems",
   year = 1967,
   publisher = "Interscience Publishers"}

@article{kn:Robinson91,
   author = "S.K. Robinson",
   title = "Coherent motions in the turbulent boundary layer",
   journal = "Annu. Rev. Fluid Mech.",
   year = 1991,
   volume = 23,
   pages = "601--639"}

@article{kn:RotOk95,
   author = "M. Roth and T. R. Oke",
   title = "Relative efficiencies of turbulent transfer of heat, mass and
            momentum over a patchy urban surface",
   journal = "J. Atmos. Sci.",
   year = 1995,
   volume = 52,
   pages = "1863-1874"}

@article{kn:Rot83,
   author = "R. Rotunno",
   title = "{On the linear theory of the land and sea breeze}",
   journal = "J. Atmos. Sci.",
   year = {1983},
   volume = {40},
   pages = "{1999-2009}"}

@techreport{kn:Rummukainen98,
   author = "M. Rummukainen and J. R{\"a}is{\"a}nen and A. Ullerstig and B. Bringfelt and
             U. Hansson and P. Graham and U. Will{\'e}n",
   title = "{RCA} -- {R}ossby {C}entre regional {A}tmospheric climate model: model description
            and results from the first multi-year simulation",
   year = 1998,
   number = 83,
   type = "Reports Meteorology and Climatology",
   institution = "SMHI",
   address = "SE-601 76 Norrk{\"o}ping, Sweden"}

@article{kn:Rummukainen01,
   author = "M. Rummukainen and J. R{\"a}is{\"a}nen and B. Bringfelt and A. Ullerstig and
             A. Omstedt and U. Will{\'e}n and U. Hansson and C. Jones",
   title = "A regional climate model for northern {E}urope: model description
            and results from the downscaling of two {GCM} control simulations",
   journal = "Clim. Dyn.",
   year = 2001,
   volume = 17,
   pages = "339--359"}

@techreport{kn:Raisanen00,
   author = "P. R{\"a}is{\"a}nen and M. Rummukainen and J. R{\"a}is{\"a}nen",
   title = "Modification of the {HIRLAM} radiation scheme for use in the {R}ossby {C}entre regional atmospheric climate model",
   year = 2000,
   number = 49,
   type = "Reports Meteorology and Climatology",
   institution = "Department of Meteorology, University of Helsinki",
   address = "Finland"}

@article{kn:Raisanen01,
   author = "J. R{\"a}is{\"a}nen",
   title = "{CO2}-induced climate change in {CMIP2} experiments: {Q}uantification of agreement and
            role of internal variability",
   journal = "J. Climate",
   year = 2001,
   volume = 14,
   pages = "2088-2104"}

@techreport{kn:Raisanen03,
   author = "J. R{\"a}is{\"a}nen and U. Hansson and A. Ullerstig and R. D{\"o}scher
            and L. P. Graham and C. Jones and M. Meier and P. Samuelsson and U. Will{\'e}n",
   title = "{GCM} driven simulations of recent and future climate with the {R}ossby {C}entre
           coupled atmosphere -- {B}altic {S}ea regional climate model {RCAO}",
   year = 2003,
   number = 101,
   type = "Reports Meteorology and Climatology",
   institution = "SMHI",
   address = "SE-601 76 Norrk{\"o}ping, Sweden"}

@article{kn:Raisanen04,
   author = "J. R{\"a}is{\"a}nen and U. Hansson and A. Ullerstig and R. D{\"o}scher
            and L. P. Graham and C. Jones and H. E. M. Meier and P. Samuelsson and U. Will{\'e}n",
   title = "European climate in the late twenty-first century: regional simulations with
            two driving global models and two forcing scenarios",
   journal = "Clim. Dyn.",
   year = 2004,
   volume = 22,
   pages = "13--31"}

@article{kn:Samuelsson03,
   author = "Patrick Samuelsson and Bj{\"o}rn Bringfelt and L. Phil Graham",
   title = "The role of aerodynamic roughness for runoff and snow evaporation
            in land-surface schemes --- comparison of uncoupled to coupled simulations",
   journal = "Global Planetary Change",
   year = "2003",
   volume = "38",
   pages = "93--99"}

@article{kn:Samuelsson99a,
   author = "Patrick Samuelsson and Michael Tjernstr{\"o}m",
   title = "Introduction to the in situ airborne meteorological measurements in {NOPEX}",
   journal = "Agric. Forest Meteorol.",
   year = "1999",
   volume = "98--99",
   pages = "181--204"}

@article{kn:Samuelsson99b,
   author = "Patrick Samuelsson and Michael Tjernstr{\"o}m",
   title = "Airborne flux measurements in {NOPEX}:
            comparison with footprint estimated surface heat fluxes",
   journal = "Agric. Forest Meteorol.",
   year = "1999",
   volume = "98--99",
   pages = "205--225"}

@article{kn:TjeSamCD,
   author = "Michael Tjernstr{\"o}m and Patrick Samuelsson",
   title = "Turbulent fluxes in the atmospheric boundary layer",
   journal = "Agric. Forest Meteorol.",
   year = "1999",
   volume = "",
   pages = "documented dataset on CD"}

@article{kn:Samuelsson99,
   author = "Patrick Samuelsson",
   title = "Coherent structures in the near-neutral to convective
	atmospheric boundary layer",
   journal = "J. Atmos. Sci.",
   year = "",
   volume = "",
   pages = "",
   note = "submitted"}

@techreport{kn:Samuelsson06,
   author = "P. Samuelsson and S. Gollvik and A. Ullerstig",
   title = "The land-surface scheme of the {R}ossby {C}entre regional atmospheric climate model (RCA3)",
   year = 2006,
   number = 122,
   type = "Report in Meteorology",
   institution = "SMHI",
   address = "SE-601 76 Norrk{\"o}ping, Sweden"}

@article{kn:Sas72,
   author = "Sasamori, T.",
   title = "A linear harmonic analysis of atmospheric motion
            with radiative dissipation",
   journal = "J. Meteorol. Soc. Japan",
   year = 1972,
   volume = 50,
   pages = "505-517"}

@techreport{kn:Sass94,
   author = "B. H. Sass and L. Rontu and H. Savij{\"a}rvi and P. R{\"a}is{\"a}nen",
   title = "{HIRLAM}-2 {R}adiation scheme: {D}ocumentation and tests",
   year = 1994,
   number = 16,
   type = "Hirlam technical report",
   institution = "SMHI",
   address = "SE-601 76 Norrk{\"o}ping, Sweden"}

@article{kn:Sass95,
   author = "B. Sass and J. H. Christensen",
   title = "A simple framework for testing the quality of atmospheric limited-area models",
   journal = "Mon. Wea. Rev.",
   year = 1995,
   volume = 123,
   pages = "444--459"}

@article{kn:SchoElo92,
   author = "J. L. Schols and E. W. Eloranta",
   title = "Calculation of area-averaged vertical profiles of the horizontal
            wind velocity from volume-imaging lidar data",
   journal = "J. Geophys. Res.",
   year = 1992,
   volume =  97,
   pages = "{18,395-18,407}"}

@article{kn:Savijarvi90,
   author = "H. Savij{\"{a}}rvi",
   title = "Fast radiation parameterization schemes for
            mesoscale and short-range forecast models",
   journal = "J. Appl. Meteorol.",
   year = 1990,
   volume =  29,
   pages = "437--447"}

@article{kn:Sellers86,
   author = "P. J. Sellers and Y. Mintz and Y. C. Sud and A. Dalcher",
   title = "A Simple Biosphere Model {(SiB)} for use within General Ciculation Models",
   journal = "J. Atmos. Sci.",
   year = 1986,
   volume = 43,
   pages = "505--531"}

@article{kn:Sellers95,
   author = "P. Sellers and F. Hall and H. Margolis and B. Kelly and D. Baldocchi
             and G. {den Hartog} and J. Cihlar and M. G. Ryan and B. Goodison
             and P. Crill and K. J. Ranson and D. Lettenmaier and D. E. Wickland",
   title = "{The {B}oreal {E}cosystem-{A}tmosphere {S}tudy ({BOREAS}): {A}n
            overview and early results from the 1994 field year}",
   journal = "Bulletin of Amer. Meteorol. Soc.",
   year = 1995,
   volume =  76,
   pages = "1549--1577"}

@article{kn:FIFE88,
   author = "P. J. Sellers and F. G. Hall and G. Asrar and D.E. Strebel and R.
             E. Murphy",
   title = "{The First ISLSCP Field Experiment (FIFE)}",
   journal = "Bulletin of Amer. Meteorol. Soc.",
   year = 1988,
   volume =  69,
   pages = "22-27"}

@article{kn:Sellers96,
   author = "P. J. Sellers and D. A. Randall and G. J. Collatz and J. A. Berry and
   	C. B. Field and D. A. Dazlich and C. Zhang and G. D. Collelo and L. Bounoua",
   title = "A revised land surface parameterization {(SiB2)} for atmospheric {GCMs}.
   	{Part I: M}odel formulation",
   journal = "J. Climate",
   year = 1996,
   volume = 9,
   pages = "676--705"}

@article{kn:Sellers97,
   author = "P. J. Sellers and F. G. Hall",
   title = "{{FIFE} in 1992: results, scientific gains, and future research
	directions.}",
   journal = "J. Geophys. Res.",
   year = 1992,
   volume = 97,
   pages = "{19,091--19,109}"}

@article{kn:FIFE92,
   author = "P. J. Sellers and F. G. Hall and G. Asrar and D. E. Strebel and R.
             E. Murphy",
   title = "{An Overview of the First International Satellite Land Surface
            Climatology Project (ISLSCP) Field Experiment (FIFE)}",
   journal = "J. Geophys. Res.",
   year = 1992,
   volume = 97,
   pages = "{18,345-18,371}"}

@book{kn:Schmugge91,
   editor = "T. J. Schmugge and J.-C. Andr{\'e}",
   title = "Land Surface Evaporation, Measurement and Parameterization",
   year = 1991,
   publisher = "Springer-Verlag",
   address = "New York"}

@article{kn:Schuepp90,
   author = "P. H. Schuepp and M. Y. Leclerc and J. I. MacPherson and
             R. L. Desjardins",
   title = "{Footprint prediction of scalar fluxes from analytical
             solutions of the diffusion equation}",
   journal = "Boundary-Layer Meteorol.",
   year = 1990,
   volume = 50,
   pages = "{355--373}"}

@article{kn:Schuepp92,
   author = "P. H. Schuepp and J. I. Mac{P}herson and R. L. Desjardins",
   title = "{Adjustment of footprint correction for airborne flux mapping
             over the {FIFE} site}",
   journal = "J. Geophys. Res.",
   year = 1992,
   volume = 97,
   pages = "{18,455--18,466}"}

@article{kn:Schu91,
   author = "U. Schumann",
   title = "A simple model of the convective boundary layer over wavy
            terrain with variable heat flux",
   journal = "Beitr. Phys. Atmosph.",
   year = 1991,
   volume =  64,
   pages = "169-184"}

@incollection{kn:Shuttleworth91,
  author = "W. J. Shuttleworth",
  title = "Insights from large-scale observational studies of land/atmosphere 
	interactions",
  editor = "E. F. Wood",
  booktitle = "Land surface-atmosphere interactions for 
	climate modeling. {O}bservations, models and analysis",
  publisher = "Kluwer Academic Publishers",
  address = "The Netherlands",
  year = 1991,
  pages = "3--30"}

@incollection{kn:Shuttleworth912,
  author = "W. J. Shuttleworth",
  title = "Evaporation models in hydrology",
  editor = "T. J. Schmugge and J.-C. Andr{\'e}",
  booktitle = "Land Surface Evaporation, Measurement and Parameterization",
  publisher = "Springer-Verlag",
  address = "New York",
  year = 1991,
  pages = "93--120"}

@article{kn:Segal92,
   author = "M. Segal and R. W. Arritt",
   title = "Nonclassical mesoscale circulations caused by surface 
            sensible heat-flux gradients",
   journal = "Bull. Amer. Meteorol. Soc.",
   year = 1992,
   volume =  73,
   pages = "1593--1604"}

@article{kn:Segal97a,
   author = "M. Segal and R. W. Arritt and J. Shen and C. Anderson and M. Leuthold",
   title = "On the clearing of cumulus clouds downwind from lakes",
   journal = "Mon. Wea. Rev.",
   year = "1997a",
   volume =  125,
   pages = "639--646"}

@article{kn:Segal97b,
   author = "M. Segal and M. Leuthold and R. W. Arritt and C. Anderson and J. Shen",
   title = "Small lake daytime breezes: {S}ome observational and conceptual
	evaluations",
   journal = "Bull. Amer. Meteorol. Soc.",
   year = "1997",
   volume =  78,
   pages = "1135--1147"}

@article{kn:Senff94,
   author = "C. Senff and J. B{\"o}senberg and G. Peters",
   title = "Measurements of water vapor flux profiles in the convective
            boundary layer with lidar and radar-{RASS}",
   journal = "J. Atmos. and Oceanic Technol.",
   year = 1994,
   volume = 11,
   pages = "85--93"}

@article{kn:Seth94,
   author = "A. Seth and Filippo Giorgi and R. Dickinson",
   title = "{Simulating fluxes from heterogeneous land surfaces: Explicit
             subgrid method employing the biosphere-atmosphere transfer
             scheme (BATS)}",
   journal = "J. Geophys. Res.",
   year = 1994,
   volume = 99,
   pages = "{18,651-18,667}"}

@article{kn:Shaw90,
   author = "R. H Shaw and K. T. Paw and X. J. Zhang and W. Gao and G. Den
             Hartog and H. H. Neumann",
   title = "Retrieval of turbulent pressure fluctuations at the ground surface
               beneath a forest",
   journal = "Boundary-Layer Meteorol.",
   year = 1990,
   volume =  50,
   pages = "319-338"}

@article{kn:Shaw88,
   author = "W. J. Shaw",
   title = "Inertial drift correction for aircraft-derived wind fields",
   journal = "J. Atmos. and Oceanic Technol.",
   year = 1988,
   volume = 5,
   pages = "774--782"}

@article{kn:Shaw85,
   author = "William J. Shaw and Joost A. Businger",
   title = "Intermittency and organization of turbulence in the near-neutral
		marine atmospheric boundary layer",
   journal = "J. Atmos. Sci.",
   year = 1985,
   volume = 42,
   pages = "2563--2584"}

@article{kn:Shen98,
   author = "J. Shen",
   title = "Numerical modelling of the effects of vegetation and
	environmental conditions on the lake breeze",
   journal = "Boundary-Layer Meteorol.",
   year = 1998,
   volume =  87,
   pages = "481--498"}

@article{kn:Smith92,
   author = "E. A. Smith and A. H. Hsu and W. L. Crosson and R. T. Field
             and L. J. Fritschen and R. J. Gurney and E. T. Kanemasu and
             W. P. Kustas and D. Nie and W. J. Shuttleworth and J. B. Stewart
             and S. B. Verma and H. L. Weaver and M. L. Wesely",
   title = "{Area-averaged surface fluxes and their time-space variability
            over the FIFE experimental domain}",
   journal = "J. Geophys. Res.",
   year = 1992,
   volume = 97,
   pages = "{18,599-18,622}"}

@article{kn:Sorbjan91,
   author = "Zbigniew Sorbjan",
   title = "Evaluation of local similarity functions in the convective
		boundary layer",
   journal = "J. Appl. Meteorol.",
   year = 1991,
   volume = 30,
   pages = "1565--1583"}

@article{kn:Stu91,
   author = "R. B. Stull",
   title = "Review of non-local mixing in turbulent atmospheres: transilient
    turbulence theory",
   journal = "Boundary-Layer Meteorol.",
   year = 1993,
   volume = 62,
   pages = "21-96"}

@conference{kn:Smedman97,
   author = "A.-S. Smedman and C. Johansson",
   title = "Modifications of {M}onin-{O}bukhov theory in unstable conditions",
   booktitle = "12th symposium on boundary layers and turbulence",
   year = 1997,
   organization = "American Meteorological Society",
   address = "Boston (MA)",
   pages = "273--274"}

@article{kn:SmedmanCD,
   author = "A.-S. Smedman and H. Bergstr{\"o}m and M. Magnusson",
   title = "Micrometerological measurements at an agricultural reference site",
   journal = "Agric. Forest Meteorol.",
   year = "1999",
   pages = "documented dataset on CD"}

@article{kn:Smith94,
   author = "E. A. Smith and M. M.-K. Wai and H. J. Cooper and M. T. Rubes",
   title = "Linking boundary-layer circulations and surface processes during
            {FIFE} 89. Part {I}: Observational analysis",
   journal = "J. Atmos. Sci.",
   year = 1994,
   volume = 51,
   pages = "1497-1529"}

@article{kn:Stu84,
   author = "R. B. Stull",
   title = "Transilient turbulence theory.  Part 1: The concept of eddy mixing
             across finite distances",
   journal = "J. Atmos. Sci.",
   year = 1984,
   volume = 41,
   pages = "3351-3367"}

@article{kn:StrN90,
   author = "D. E. Strebel and J. A. Newcomer and J. B. Ormsby and F. G. Hall
              and P. J. Sellers",
   title = "{The FIFE Information System}",
   journal = "IEEE Trans. Geosci. Remote Sens.",
   year = 1990,
   volume =  {28(4)},
   pages = "703-710"}

@article{kn:Sullivan98,
   author = "P. P. Sullivan and C.-H. Moeng and B. Stevens and D. H. Lenschow
	and S. D. Mayor",
   title = "Structure of the entrainment zone capping the convective
	atmospheric boundary layer",
   journal = "J. Atmos. Sci.",
   year = 1998,
   volume = 55,
   pages = "3042--3064"}

@article{kn:SuMa94,
   author = "Jielun Sun and L. Mahrt",
   title = "Spatial distribution of surface fluxes estimated from remotely
            sensed variables",
   journal = "J. Appl. Meteorol.",
   year = 1994,
   volume =  33,
   pages = "1341-1353"}

@article{kn:Sun95,
   author = "Jielun Sun and L. Mahrt",
   title = "Determination of surface fluxes from the surface radiative temperature",
   journal = "J. Atmos. Sci.",
   year = 1995,
   volume =  52,
   pages = "1096--1104"}

@article{kn:Sun97,
   author = "J. Sun and D. H. Lenschow and L. Mahrt and T. L. Crawford
	and K. J. Davis and S. P. Oncley and J. I. Mac{P}herson and
	Q. Wang and R. J. Dobosy and R. L. Desjardins",
   title = "Lake-induced atmospheric circulations during {BOREAS}",
   journal = "J. Geophys. Res.",
   year = 1997,
   volume =  102,
   pages = "29,155--29,166"}

@article{kn:Sun98,
   author = "J. Sun and R. Desjardins and L. Mahrt and I. Mac{P}herson",
   title = "Transport of carbon dioxide, water vapor, and ozone by turbulence and local
	circulations",
   journal = "J. Geophys. Res.",
   year = 1998,
   volume =  103,
   pages = "25,873--25,885"}

@article{kn:Svensson98,
   author = "G. Svensson",
   title = "Model simulations of the air quality in {A}thens, {G}reece, during 
	the {MEDCAPHOT-TRACE} Campaign",
   journal = "Atmos. Env.",
   year = 1998,
   volume =  52,
   pages = "2239--2268"}

@article{kn:SvenssonKl98,
   author = "G. Svensson and O. Klemm",
   title = "Aircraft measurements and model simulations of 
	the air quality in {A}thens, {G}reece",
   journal = "Atmos. Env.",
   year = 1998,
   volume =  52,
   pages = "2269--2289"}

@article{kn:Sykes89,
   author = "R.I. Sykes and D.S. Henn",
   title = "Large-eddy simulation of turbulent sheared convection",
   journal = "J. Atmos. Sci.",
   year = 1989,
   volume =  46,
   pages = "1106--1118"}

@article{kn:Sogaard98a,
   author = "H. S{\o}gaard and H. Thorgeirsson",
   title = "Carbon dioxide exchange at leaf and canopy scale for agricultural
            crops in the boreal environment",
   journal = "J. Hydrol.",
   year = 1998,
   note = "in press"}

@article{kn:Sogaard98b,
   author = "H. S{\o}gaard",
   title = "Fluxes of carbon dioxide, water vapour and sensible heat in a boreal agricultural area of Sweden ---
         scaled from canopy to landscape level",
   journal = "Agric. Forest Meteorol.",
   year = 1999,
   note = "in press"}

@article{kn:SogaardCD,
   author = "H. S{\o}gaard and P. Tanev and P. {van der Keur} and C. Nordstr{\o}m and L. Gr{\o}ndahl",
   title = "{CO}$_2$ and water vapour flux at the agricultural site {T}isby",
   journal = "Agric. Forest Meteorol.",
   year = 1999,
   pages = "documented dataset on CD"}

@conference{kn:Tal95,
   author = "L. M. Tallaksen and B. Erichsen",
   title = "Soil moisture variability and its relation to micro-topography
            and vegetation",
   booktitle = "Preprints from the EGS 20th General Assembly",
   year = 1995,
   organization ="European Geophysical Society",
   month = "3 -- 7 April",
   address = "Hamburg, Germany"}

@article{kn:Taylor98,
   author = "C. M. Taylor and R. J. Harding and R. A. {Pielke Sr.} and
	P. L. Vidale and R. L. Walko and J. W. Pomeroy",
   title = "Snow breezes in the boreal forest",
   journal = "J. Geophys. Res.",
   year = 1998,
   volume = 103,
   pages = "23,087--23,101"}

@article{kn:Tennekes73,
   author = "H. Tennekes",
   title = "A model for the dynamics of the inversion above a convective
		boundary layer",
   journal = "J. Atmos. Sci.",
   year = 1973,
   volume = 30,
   pages = "558--567"}

@conference{kn:Tiederman89,
   author = "W.G. Tiederman",
   title = "Eulerian detection of turbulent bursts",
   booktitle = "{N}ear {W}all {T}urbulence. {P}roc. {Z}. {Z}oriac {M}emorial Conference 1988",
   year = 1989,
   month = "",
   address = "",
   pages = "874--887"}

@article{kn:Tje93,
   author = "Michael Tjernstr{\"o}m",
   title = "Turbulence Length Scales in Stably
            Stratified Shear Flow Analyzed from Slant Aircraft Profiles",
   journal = "J. Appl. Meteorol.",
   year = 1993,
   volume = 32,
   pages = "948--963"}

@article{kn:Tjernstrom87,
   author = "Michael Tjernstr{\"o}m",
   title = "A study of flow over complex terrain using a three-dimensional
	model. {A} preliminary model evaluation focusing on stratus and fog",
   journal = "Ann. Geophys",
   year = 1987,
   volume = 88,
   pages = "469--486"}

@article{kn:Tjernstrom88,
   author = "Michael Tjernstr{\"o}m",
   title = "Numerical simulations of stratiform boundary-layer clouds on the
	meso-$\gamma$-scale. {P}art {I}. {T}he influence of terrain height differences",
   journal = "Boundary-Layer Meteorol.",
   year = 1988,
   volume = 44,
   pages = "33--72"}

@article{kn:Tjernstrom95,
   author = "Michael Tjernstr{\"o}m and D. Koracin",
   title = "Modelling the impact of stratocumulus on boundary layer structure",
   journal = "J. Atmos. Sci.",
   year = 1995,
   volume = 52,
   pages = "863--878"}

@article{kn:Tjernstrom96,
   author = "Michael Tjernstr{\"o}m and B. Grisogono",
   title = "Thermal mesoscale circulations on the {B}altic coast. 1. {A}
	numerical case study",
   journal = "J. Geophys. Res.",
   year = 1996,
   volume = 101,
   pages = "18,979--18,997"}

@article{kn:Tjernstrom98,
   author = "Michael Tjernstr{\"o}m and B. Grisogono",
   title = "Simulations of Super-Critical Flow Around Points and Capes
	in a Coastal Atmosphere",
   journal = "J. Atmos. Sci.",
   year = 1999,
   volume = "",
   pages = "",
   note = "submitted"}

@article{kn:Tjernstrom99,
   author = "Michael Tjernstr{\"o}m and B. Grisogono",
   title = "The sensitivity of supercritical atmospheric boundary 
	layer flow along a coastal mountain barrier",
   journal = "Tellus",
   year = 1999,
   volume = "",
   pages = "",
   note = "submitted"}

@article{kn:TjeSm93,
   author = "Michael Tjernstr{\"o}m and Ann-Sofi Smedman",
   title = "The vertical turbulence structure of the coastal 
            marine atmospheric boundary layer",
   journal = "J. Geophys. Res.",
   year = 1993,
   volume = 98,
   pages = "4809--4826"}

@article{kn:Tjernstrom95,
   author = "Michael Tjernstr{\"o}m and Patrick Samuelsson",
   title = "The effect of inertial navigation system time response
            on airborne turbulence measurements",
   journal = "J. Atmos. and Oceanic Technol.",
   year = 1995,
   volume = 12,
   pages = "1196--1213"}

@article{kn:TjeFri91,
   author = "Michael Tjernstr{\"o}m and Carl A. Friehe",
   title = "Analysis of radome air motion system on a twin-jet aircraft
            for boundary-layer research",
   journal = "J. Atmos. and Oceanic Technol.",
   year = 1991,
   volume = 8,
   pages = "19--40"}

@article{kn:TroM86,
   author = "I. Troen and L. Mahrt",
   title = "A simple model of the atmospheric boundary layer: Sensitivity to
            surface evaporation",
   journal = "Bound.-Layer Meteorol.",
   year = 1986,
   volume = 37,
   pages = "129-148"}

@article{kn:TheLa83,
   author = "G. Therry and P. Lacarr\`re",
   title = "{Improving the Eddy Kinetic Energy Model for Planetary Boundary
            Layer Description}",
   journal = "Bound.-Layer Meteorol.",
   year = 1983,
   volume =  25,
   pages = "63-88"}

@article{kn:Tsvang97,
   author = "L. R. Tsvang and V. P. Kukharets and V. G. Perepelkin",
   title = "Atmospheric turbulence characteristics over a temperature-
	inhomogeneous land surface. {P}art {II}: {T}he effect of small-
	scale inhomogeneities of surface temperature on some characteristics
	of the atmospheric surface layer",
   journal = "Bound.-Layer Meteorol.",
   year = 1998,
   volume = 86,
   pages = "103--124"}

@techreport{kn:Unden02,
   author = "P. Und{\'e}n and L. Rontu and H. J{\"a}rvinen and P. Lynch and J. Calvo and G. Cats and J. Cuxart and K. Eerola and K. Fortelius and J. A. Garcia-Moya and C. Jones and G. Lenderlink and A. McDonald and R. McGrath and B. Navascues and N. W. Nielsen and V. {\O}degaard and E. Rodrigues and M. Rummukainen and R. R{\~o}{\~o}m and K. Sattler and B. H. Sass and H. Savij{\"a}rvi H. and B. W. Schreuer and R. Sigg and H. The and A. Tijm",
   title = "{HIRLAM}-5 Scientific Documentation",
   year = 2002,
   number = "XX",
   type = "HIRLAM Report",
   institution = "SMHI",
   address = "SE-601 76 Norrk{\"o}ping, Sweden",
   note = "144 pp"}

@article{kn:Uppala05,
   author = "S. M. Uppala and P. W. K{\aa}llberg and A. J. Simmons and U. Andrae and V. da Costa Bechtold and M. Fiorino and J. K. Gibson and J. Haseler and A. Hernandez and G. A. Kelly and X. Li and K. Onogi and S. Saarinen and N. Sokka and R. P. Allan and E. Andersson and K. Arpe and M. A. Balmaseda and A. C. M. Beljaars and L. van de Berg and J. Bidlot and N. Bormann and S. Caires and F. Chevallier and A. Dethof and M. Dragosavac and M. Fisher and M. Fuentes and S. Hagemann and E. Holm and B. J. Hoskins and L. Isaksen and P. A. E. M. Janssen and R. Jenne and A. P. McNally and J.-F. Mahfouf and J.-J. Morcrette and N. A. Rayner and R. W. Saunders and P. Simon and A. Sterl and K. E. Trenberth and A. Untch and D. Vasiljevic and P. Viterbo and J. Woollen",
   title = "The {ERA}-40 {R}e-analysis",
   journal = "Q. J. Roy. Meteorol. Soc.",
   year = 2005,
   volume = 131,
   pages = "2961--3012"}

@article{kn:Venal97,
   author = "A. Ven{\"a}l{\"a}inen and M. Heikinheimo and T. Tourula",
   title = "{Latent heat flux from small sheltered lakes}",
   journal = "Bound.-Layer Meteorol.",
   year = 1998,
   volume =  86,
   pages = "355--377"}

@article{kn:Weckwerth97,
   author = "Tammy M. Weckwerth and James W. Wilson and Roger M. Wakimoto
	and N. Andrew Crook",
   title = "{Horizontal convective rolls: {D}etermining the environmental
		conditions supporting their existence and characteristics}",
   journal = "Mon. Wea. Rev.",
   year = 1997,
   volume =  125,
   pages = "505--526"}

@article{kn:Verseghy91,
   author = "D. L. Verseghy",
   title = "{CLASS} -- {A} {C}anadian land surface scheme for {GCM}s,
            {I}. {S}oil model",
   journal = "Int. J. Climatol.",
   year = 1991,
   volume =  11,
   pages = "111--133"}
   
@article{kn:Verseghy93,
   author = "D. L. Verseghy and N. A. {Mc}Farlane and M. Lazare",
   title = "{CLASS} -- {A} {C}anadian land surface scheme for {GCM}s,
            {II}. {V}egetation model and coupled runs",
   journal = "Int. J. Climatol.",
   year = 1993,
   volume =  13,
   pages = "347--370"}
   
@article{kn:Vidale97,
   author = "P. L. Vidale and R. A. {Pielke Sr.} and L. T. Steyaert and
	A. Barr",
   title = "Case study modeling of turbulent and mesoscale fluxes over the
	{BOREAS} region",
   journal = "J. Geophys. Res.",
   year = 1997,
   volume =  102,
   pages = "29,167--29,188"}

@article{kn:Williams92,
   author = "A.G. Williams and J.M. Hacker",
   title = "The composite shape and structure of coherent eddies
            in the convective boundary layer",
   journal = "Bound.-Layer Meteorol.",
   year = 1992,
   volume =  61,
   pages = "213--245"}

@article{kn:Viterbo95,
   author = "P. Viterbo and C. M. Beljaars",
   title = "An Improved Land Surface Parameterization Scheme in the {ECMWF}
            Model and Its Validation",
   journal = "J. Climate",
   year = 1995,
   volume = 8,
   pages = "2716--2748"}

@phdthesis{kn:Viterbo96,
   author = "Pedro Viterbo",
   title = "The representation of surface processes in general circulation models",
   school = "University of Lisbon",
   address = "ECMWF, Reading, UK",
   year = "1996"}


@article{kn:Viterbo99,
   author = "P. Viterbo and A. Beljaars and J. Teixeira",
   title = "The representation of soil moisture freezing and its impact
            on the stable boundary layer",
   journal = "Quart. J. Roy. Meteorol. Soc.",
   year = 1999,
   volume = 125,
   pages = "2401--2426"}

@article{kn:Viterbo992,
   author = "P. Viterbo and A. K. Betts",
   title = "Impact on {ECMWF} forecasts of changes to the albedo of the boreal
         forests in the presence of snow",
   journal = "J. Geophys. Res.",
   year = 1999,
   volume = 104,
   pages = "27803--"}

@misc{kn:Viterbo01,
   author = "Pedro Viterbo",
   year = 2001,
   howpublished = "Personal communication",
   note = "{ECMWF, Reading, United Kingdom}"}

@techreport{kn:Woetmann87,
   author = "Niels {Woetmann Nielsen}",
   title = "An approximate method for calculation of surface fluxes in an unstable atmospheric surface layer",
   year = 1987,
   number = 1,
   type = "HIRLAM Technical Note"}

@article{kn:Wright98,
   author = "S. D. Wright and L. Elliot and D. B. Ingham and M. J. C. Hewson",
   title = "The adaption of the atmospheric boundary layer to a change in
	surface roughness",
   journal = "Bound.-Layer Meteorol.",
   year = 1998,
   volume =  89,
   pages = "175--195"}

@article{kn:WynB84,
   author = "J. C. Wyngaard and R. A. Brost",
   title = "Top-down and bottom-up diffusion of a scalar in the convective
            boundary layer",
   journal = "J. Atmos. Sci.",
   year = 1984,
   volume = 41,
   pages = "102-112"}

@article{kn:Wyser99,
   author = "K. Wyser and L. Rontu and H. Savij{\"a}rvi",
   title = "Introducing the effective radius into a fast radiation scheme of a mesoscale model",
   journal = "Contr. Atm. Phys.",
   year = 1999,
   volume = 72,
   pages = "205--218"}

@article{kn:XuGa93,
   author = "Mei Xu and Tzvi Gal-Chen",
   title = "{A study of the Convective Boundary-Layer Dynamics using
            Single Doppler Radar Measurements}",
   journal = "J. Atmos. Sci.",
   year = 1993,
   volume = 50,
   pages = "3641--3662"}

@article{kn:Xue91,
   author = "Y. Xue and P. J. Sellers and J. L. Kinter and J. Shukla",
   title = "{A simplified Biosphere Model for Global Climate Studies}",
   journal = "J. Climate",
   year = 1991,
   volume = 4,
   pages = "345--364"}

@article{kn:Xue96,
   author = "Y. Xue and M. J. Fennessy and P. J. Sellers",
   title = "Impact of vegetation properties on {U}.{S}. summer weather
             prediction",
   journal = "J. Geophys. Res.",
   year = 1996,
   volume = 101,
   pages = "7419--7430"}

@article{kn:Xian91,
   author = "Z. Xian and R. A. Pielke",
   title = "{The effects of width of land masses on the development of
             sea breezes}",
   journal = "J. Appl. Meteorol.",
   year = 1991,
   volume = 30,
   pages = "1280--1304"}

@article{kn:Zil73,
   author = "S. S. Zilitinkevich",
   title = "Shear convection",
   journal = "Bound.-Layer Meteorol.",
   year = 1973,
   volume =  3,
   pages = "416-423"}

@article{kn:Zilit94,
   author = "S. Zilitinkevich",
   title = "A generalized scaling for convective shear flows",
   journal = "Boundary-Layer Meteorol.",
   year = 1994,
   volume =  70,
   pages = "51--78"}

@incollection{kn:Zilitinkevich95,
   author = "S. Zilitinkevich",
   title = "Non-local turbulent transport: {P}ollution dispersion aspects of coherent
            structure of convective flows",
   booktitle = "Air pollution {III} - {V}olume {I}. {A}ir pollution theory and simulation",
   editor = "H. Power and N. Moussiopoulos and C. A. Brebbia",
   publisher = "Computational Mechanics Publications",
   address = "Southhampton, Boston",
   year = 1995,
   pages = "53--60"}

@book{kn:Garr92,
   author = "J. R. Garratt",
   title = "The atmospheric boundary layer",
   publisher = "Cambridge University Press",
   pages = 316,
   year = 1992}

@book{kn:LaPi82,
   author = "Leon  Lapidus and George F. Pinder",
   title = "Numerical Solution of Partial Differential Equations in Science
            and Engineering",
   publisher = "Wiley-Interscience",
   pages = 677,
   year = 1982}

@book{kn:Stull88,
   author = "R. B. Stull",
   title = "An Introduction to Boundary Layer Meteorology",
   publisher = "Kluwer Academic, Norwell, MA",
   pages = 666,
   year = 1988}

@book{kn:Pielke84,
   author = "Roger A. Pielke",
   title = "Mesoscale Meteorological Modeling",
   publisher = "Academic Press",
   pages = 612,
   year = 1984}

@book{kn:Bat73,
   author = "Batchelor, G. K.",
   title = "An Introduction to Fluid Dynamics",
   publisher = "Cambridge University Press",
   year = 1973}


@conference{kn:Puh86,
   author = "T. Puhakka and P. Saarikivi",
   title = "Doppler radar observations of horizontal roll vortices in Finland",
   booktitle = "23rd Conference on Radar Meteorology and Conference on Cloud
               Physics",
   year = 1986,
   organization = "American Meteorology Society",
   address = "Boston",
   pages = "JP194--JP197"}

@conference{kn:BroM90,
   author = "R. A. Brown and P. Mourad",
   title = "{A model for K-theory in a multi-scale large eddy environment}",
   booktitle = "Preprints from the 9th Symposium on Turbulence and Diffusion",
   year = 1990,
   organization ="American Meteorological Society",
   month = "30 April -- 3 May",
   address = "Roskilde, Denmark"}

@techreport{kn:PiiEl93,
   author = "A. K. Piironen and E. W. Elorenta",
   title = "{Volume Imaging Lidar results from FIFE 89: Boundary layer winds,
            depths, and cloud coverages}",
   institution = "Department of Meteorology, University of Wisconsin-Madison",
   year = 1993}

@techreport{kn:Clar71,
   author = "{Clarke, R. H., A. J. Dyer, R. R. Brook, D.G. Reid, and A. J.
             Troup}",
   title = "The Wangara Experiment: Boundary Layer Data",
   institution = "Commonwealth Scientific and Industrial Research
                 Organization, Australia",
   year = 1971}

@techreport{kn:EkM91,
   author = "M. Ek  and L. Mahrt",
   title = "A user's guide to OSU1DPBL version 1.0.3: A one-dimensional planetary
           boundary layer model with interactive soil layers and plant canopy",
   institution = "Oceanic and Atmospheric Sciences, Oregon State University",
   address = "Corvallis, OR 97331",
   year = 1991}


@inproceedings{kn:Ran3,
   author = "U. A. Ranawake and C. Huster and K. Bhattacharyya and
	     P. M. Lenders and S. M. Goodnick",
   title = "Effect of Electron--Electron Scattering on the Parallelization
	    of Monte Carlo Algorithms on Multiprocessors",
   pages = 57,
   booktitle = "Physics Computing'91 Conference",
   year = 1991,
   month = "June",
   address = "San Jose"}

@inproceedings{kn:Kur66,
   author = "T. Kurosawa",
   title = "Monte Carlo calculation of hot electron problems",
   pages = "424--426",
   booktitle = "Proceedings of the International Conference on Physics of
		Semiconductors",
   year = 1966,
   address = "Japan"}

@article{kn:Faw70,
   author = "W. Fawcett and A. B. Boardman and S. Swain",
   title = "Monte Carlo determination of electron transport properties
	    in Gallium Arsenide",
   journal = "Journal of Physics and Chemistry of Solids",
   volume = 31,
   pages = "1963--1990",
   year = 1970}

@misc{kn:Ran4,
   author = "U. A. Ranawake and P. M. Lenders and S. M. Goodnick",
   title = "On Lower Bounds for the Communication Volume in Distributed
	    Systems",
   note = "Accepted for publication in {\em Parallel Processing Letters}"}

@article{kn:Lug85,
   author = "P. Lugli and D. Ferry",
   title = "Electron--electron Interaction and High Field Transport in Si",
   journal = "Applied Physics Letters",
   year = 1985,
   volume = 46,
   pages = 594}

@article{kn:Bru85,
   author = "R. Brunetti and C. jacoboni and A. Matalionis and V. Dienis",
   title = "Effect of Interparticle Collisions on Energy Relaxtation of
	    Carriers in Semiconductors",
   journal = "Physica",
   year = 1985,
   volume = "134B",
   pages = 369}

@misc{kn:Tak79,
   author = "N. Takenaka and M. Inoue and Y. Inuishi",
   note = "{\em Journal of the Physics Society of Japan}, 47:861, 1979"}

@conference{kn:Amd67,
   author = "G. Amdahl",
   title = "Validity of the Single-Processor Approach to Achieving
	    Large--Scale Computer capabilities",
   booktitle = "AFIPS Conference Proceedings",
   year = 1967,
   pages = "483--485"}

@conference{kn:Cul74,
   author = "J. Cullum and W. E. Donath",
   title = "A block Lanczos algorithm for computing the q algebraically
	    largest eigenvalues and a corresponding eigenspace of
	    large, sparse, real symmetric matrices",
   booktitle = "Proceedings of the 1974 IEEE Conference on Decision
		and Control",
   year = 1974,
   address = "Phoenix, Arizona",
   pages = "505--509"}

@article{kn:Don73,
   author = "W. E. Donath and A. J. Hoffman",
   title = "Lower Bounds for the Partitioning of Graphs",
   journal = "IBM Journal of Research and Development",
   pages = "420--425",
   month = "September",
   year = 1973}

@conference{kn:Erc88,
   author = "F. Ercal and J. Ramanujam and P. Sadayappan",
   title = "Task Allocation onto a Hypercube by Recursive Mincut
	     Bipartitioning",
   booktitle = "Proceedings of the Hypercube Conference",
   year = 1988,
   pages = "210--221"}

@article{kn:Ber87,
   author = "M. J. Berger and S. H. Bokhari",
   title = "A Partitioning strategy for Nonuniform Problems on Multiprocessors",
   journal = "IEEE Transactions on Computers",
   pages = "570--580",
   volume = "C-36",
   number = 5,
   month = "May",
   year = 1987}

@article{kn:Lo88,
   author = "V. M. Lo",
   title = "Heuristic algorithms for task assignment in distributed systems",
   journal = "IEEE Transactions on Computers",
   pages = "1384--1397",
   volume = 37,
   number = 11,
   year = 1988}

@article{kn:Chan86,
   author = "T. F. Chan and Y. Saad",
   title = "Multigrid Algorithms on the Hypercube Multiprocessor",
   journal = "IEEE Transactions on Computers",
   pages = "969--977",
   volume = "C-35",
   number = 11,
   month = "November",
   year = 1986}

@phdthesis{kn:Bad87,
   author = "S. B. Baden",
   title = "Run--Time Partitioning of Scientific Continum Calculations
	    Running on Multiprocessors",
   school = "University of California, Berkely",
   year = 1987}

@article{kn:Sad87,
   author = "P. Sadayappan and F. Ercal",
   title = "Nearest--Neighbor Mapping of Finite Element Graphs onto
	    Processor Meshes",
   journal = "IEEE Transactions on Computers",
   pages = "1408--1424",
   volume = "C-36",
   number = 12,
   month = "December",
   year = 1987}

@article{kn:Ask88,
   author= "C. R. Askew and D. B. Carpenter and J. T. Chalker and
             A. J. G. Hey and M. Moore and D. A. Nicole and
	     D. J. Pritchard",
   title = "Monte Carlo Simulation on Transputer Arrays",
   journal = "Parallel Computing",
   pages = "247--258",
   volume = 6,
   year = 1988}

@article{kn:Sad90,
   author = "P. Sadayappan and F. Ercal and J. Ramanujam",
   title = "Cluster Partitioning Approaches to Mapping Parallel Programs
	    onto a Hypercube",
   journal = "Parallel Computing",
   pages = "1--16",
   volume = 13,
   year = 1990}

@book{kn:Hoc81,
   author = "R. W. Hockney and J. W. Eastwood",
   title = "Computer Simulation using Particles",
   Publisher = "McgrawHill, New York",
   year = 1981}


@book{kn:Hock81,
   author = "R. W. Hockney and C. Jesshope",
   title = "Parallel Computers -- Architecture, Programming and Algorithms",
   Publisher = "McgrawHill, New York",
   year = 1981}

@article{kn:Hoff53,
   author = "A. J. Hoffman and H. W. Wielandt",
   title = "The Variation of the Spectrum of a Normal Matrix",
   journal = "Duke Mathematical Journal",
   volume = 20,
   number = 37,
   year = 1953}

@book{kn:Mar64,
   author = "M. Marcus and H. Minc",
   title = "A Survey of Matrix Theory and Matrix Inequalities",
   Publisher = "Allyn and Bacon, Inc., Boston",
   pages = 120,
   year = 1964}


@article{kn:Cul75,
   author = "J. Cullum and W. E. Donath and P. Wolfe",
   title = "The Minimization of Certain Nondifferentiable Sums of Eigenvalues
	    of Symmetric Matrices",
   journal = "Mathematical Programming Study",
   pages = "35--55",
   volume = 3,
   year = 1975}

@article{kn:Bar85,
   author = "E. R. Barnes and A. J. Hoffman",
   title = "On Transportation Problems with Upper Bounds on Leading
	    Rectangles",
   journal = "SIAM Journal on Algebraic and discrete Methods",
   volume = 6,
   number = 3,
   pages = "487--497",
   year = 1985}

@article{kn:San88,
   author = "E Sangiorgi and B. Ricco and F. Venturi",
   title = "$MOS^2$: An Efficient MOnte Carlo Simulator for MOS Devices",
   journal = "IEEE Transactions on Computer Aided Design",
   volume = 7,
   number = 2,
   pages = "259--271",
   month = "February",
   year = 1988}

@article{kn:Fis88,
   author = "M. V. Fischetti and S. E. Laux",
   title = "Monte Carlo Analysis of Electron Transport in Small Semiconductor
	    Devices Including Band--Structure and Space--Charge Effects",
   journal = "Physical Review B",
   volume = 38,
   number = 14,
   pages = "9723--9744",
   month = "November",
   year = 1988}

@article{kn:Phi77,
   author = "A. Phillips and P. J. Price",
   title = "Monte Carlo Calculation of Hot Electron Energy Tails",
   journal = "Applied Physics Letters",
   volume = 30,
   pages = "528--530",
   year = 1977}

@article{kn:Rus78,
   author = "R. M. Russell",
   title = "The CRAY-1 Computer System",
   journal = "Communications of the ACM",
   volume = 21,
   number = 1,
   month = "January",
   year = 1978}

@article{kn:VenFr97,
   author = "Ari Ven{\"a}l{\"a}inen and Michael Frech and Martti Heikinheimo and Achim Grelle",
   title = "Compariosn of Latent and sensible heat fluxes over boreal with concurrent fluxes over a forest;
	implications for regional averaging",
   journal = "Agric. Forest Meteorol.",
   year = 1999,
   note = "in press"}

@conference{kn:Gus86,
   author = "J. L. Gustafson and S. Hawkinson and K. Scott",
   title = "The Architecture of a Homogeneous Vector Supercomputer",
   booktitle = "Proceedings of 1986 Int'l Conference on Parallel Processing",
   month = "August",
   year = 1986,
   pages = "649--652"}

@conference{kn:Hay86,
   author = "J. P. Hayes and T. N. Mudge and Q. F. Stout and S. Colley
	      and J. Palmer",
   title = "Architecture of a Hypercube Supercomputer",
   booktitle = "Proceedings of 1986 Int'l Conference on Parallel Processing",
   month = "August",
   year = 1986,
   pages = "653--660"}

@conference{kn:Ran91,
   author = "U. A. Ranawake and P. M. Lenders and S. M. Goodnick",
   title = "Parallelization of Monte Carlo Algorithms in Semiconductor Device
	    Physics on Hypercube  Multiprocessors",
   booktitle = "Computational Electronics",
   publisher = "Kluwer Academic Publishers",
   pages = "137--141",
   year = 1991}

@article{kn:Ull75,
   author = "J. Ullman",
   title = "NP-complete Scheduling Problems",
   journal = "Journal of Computer and System Sciences",
   volume = 10,
   year = 1975,
   pages = "384--393"}

@article{kn:Bok81,
   author = "S. Bokhari",
   title = "A Shortest Tree Algorithm for Optimal Assignments Across Space
	     and Time in Distributed Processor System",
   journal = "IEEE Transactions on Software Engineering",
   volume = "SE--7",
   number = 6,
   month = "November",
   year = 1981}

@article{kn:Che90,
   author = "D. Y. Cheng and J. T. Deutsch and R. W. Dutton",
   title = "Defensive Programming in the Rapid development of a Parallel
	    Program",
   journal = "IEEE Transactions on Computer--Aided Design",
   volume = 9,
   number = 6,
   month = "June",
   year = 1990}

@article{kn:Che88,
   author = "D. Y. Cheng and C. G. Hwang and R. W. Dutton",
   title = "PISCES--MC: A Multiwindow, Multimethod 2--D Device Simulator",
   journal = "IEEE Transactions on Computer--Aided Design",
   volume = 7,
   number = 9,
   month = "September",
   year = 1988}

@phdthesis{kn:Kru87,
   author = "B. Kruatrachue",
   title = "Static Task Scheduling and Grain Packing in Parallel Processing
	     Systems",
   school = "Oregon State University, Oregon",
   year = 1987}

@techreport{kn:Thomsen95,
   author = "A. Thomsen and L. B{\"a}rring and S.-E. Gryning and H. S{\o}gaard and H. Thorgeirsson",
   title = "Data report for the {NOPEX} {T}isby site. {C}oncentrated {F}ield {E}ffort no \#1,
            {M}ay 27 to {J}une 23, 1994",
   number = 10,
   institution = "{NOPEX} {C}entral {O}ffice",
   address = "Institute of Earth Science, Uppsala University, Sweden",
   note = "Research Centre Foulum, Department of Soil Science, Tjele, Denmark",
   year = 1995}

@techreport{kn:Halldin95,
   author = "S. Halldin and L. Gottschalk and {A.A.} van de Griend and S.-E. Gryning and
             M. Heikinheimo and U. H{\"o}gstr{\"o}m and A. Jochum and L.-C. Lundin",
   title = "Science plan for {NOPEX}",
   number = 12,
   institution = "{NOPEX} {C}entral {O}ffice",
   address = "Institute of Earth Science, Uppsala University, Sweden",
   year = 1995}

@article{kn:Meneveau91,
   author = "C. Meneveau",
   title = "Analysis of turbulence in the orthonormal wavelet representation",
   journal = "J of Flud Mechanics",
   year = 1991,
   volume =  232,
   pages = "469--520"}
   
@misc{kn:LINKwww,
   author = "Web-page",
   title = "{The Climate Impacts LINK Project's Web Site}",
   howpublished = "http://www.cru.uea.ac.uk/link/"}

@misc{kn:RCwww,
   author = "Web-page",
   title = "{The Web Site of the Rossby Centre, SMHI}",
   howpublished = "http://www.smhi.se/sgn0106/rossby/sweclim/"}

@misc{kn:HCwww,
   author = "Web-page",
   title = "{The Web Site of the Hadley Centre, U.K. Met Office}",
   howpublished = "http://www.meto.gov.uk/research/hadleycentre/"}

@misc{kn:MPIwww,
   author = "Web-page",
   title = "{The Web Site of the Max Planck Institute for Meteorology}",
   howpublished = "http://www.mpimet.mpg.de/en/web/"}

@misc{kn:IPCCwww,
   author = "Web-page",
   title = "{The Web Page of the Intergovernmental Panel on Climate Change (IPCC)}",
   howpublished = "http://www.ipcc.ch"}

@misc{kn:SRESwww,
   author = "Web-page",
   title = "{The Web Site of the IPCC Special Report on Emissions Scenarios}",
   howpublished = "http://www.grida.no/climate/ipcc/emission/"}

